2960 3740
1449 216 1522 283 14

222 368 369 435 ὄρσω
407 364 567 429 ὄρσεο
604 361 695 411 καὶ
731 361 865 411 καθ’
901 363 1201 429 ὑφαίρεσιν
1235 362 1366 421 λέξο,
1405 362 1538 429 ὄρσο
1576 366 1745 430 Epim.
1783 367 1823 413 1.
1861 368 1974 415 265.
2011 364 2273 430 idemque,
2312 381 2446 423 reor,
2484 366 2549 414 de
2579 369 2739 415 ‚tertio

223 466 348 522 δέξο
381 464 690 512 statuefunt.
761 458 878 506 Hoc
913 460 1230 508 anadromae
1266 462 1519 509 auxilium
1558 477 1664 509 non
1703 475 2070 524 usquequaque
2105 463 2323 526 repudio
2355 479 2402 511 v.
2423 463 2740 524 Pal-erga&

220 562 341 610 illos
377 558 720 622 imperativus
758 558 968 605 aoristis
1005 556 1179 613 λέκτο,
1234 555 1390 604 δέκτο
1429 558 1714 621 applicatos
1752 574 1865 605 esse
1902 555 2060 603 hodie
2095 562 2353 608 convenit.
2455 559 2536 607 De
2570 560 2737 608 tertii:

219 657 426 707 numeri
462 653 738 718 singularis
775 654 1014 717 personis
1046 653 1171 701 haec
1206 647 1424 716 legimus
1461 653 1607 718 παρὰ
1642 652 1701 702 τι)
1742 650 1873 703 στέω
1911 650 2083 703 στεύω
2123 652 2369 703 στεύεται
2421 652 2556 703 κατὰ
2594 671 2740 723 ,συγ-

220 753 395 816 κοπήν
433 756 656 800 στεῦται
691 751 861 814 Epim.
900 751 941 797 Ι.
980 753 1089 797 387.
1128 748 1243 796 ΕΜ.
1285 753 1394 807 726,
1433 752 1511 797 34.
1549 752 1629 799 cui
1666 749 1802 814 quod
1842 749 2187 797 Buttmanuus
2223 750 2281 798 T.
2315 751 2384 799 ΙΙ.
2413 766 2462 815 p.
2498 755 2543 800 6.
2577 767 2736 817 appo-

219 852 302 901 nit
355 851 543 899 σεῦται
596 846 771 895 differt
825 862 885 895 eo
923 844 1059 909 quod
1093 843 1234 894 σεύω
1275 845 1445 894 forma
1478 846 1626 895 verbi
1661 845 1895 909 legitima
1931 853 2034 904 est,
2090 840 2261 901 στεύω
2299 860 2423 894 vero
2454 831 2755 912 incognitas

219 943 504 1009 Πόρευται
540 944 701 1005 rejeci
735 944 791 992 in
820 941 1007 991 Techn.
1046 942 1158 990 201.
1230 939 1399 991 Unum
1439 939 1737 1005 hujusmodi
1773 955 2066 990 sermonem
2102 935 2463 1005 quotidianum
2501 935 2734 992 int'ravit:

220 1042 403 1092 ἔσεται
459 1035 550 1089 καὶ
605 1037 742 1088 κατὰ
778 1034 1056 1104 συγκοπήν
1092 1036 1243 1087 ἔσται
1276 1037 1446 1100 Epim.
1483 1037 1525 1086 I.
1566 1039 1674 1085 136.
1711 1035 1775 1083 de
1806 1051 1914 1100 quo
1953 1034 2252 1085 Eustathius
2290 1040 2411 1096 718,
2447 1042 2509 1085 3..
2531 1039 2735 1103 ταύτην

217 1136 320 1202 τήν
374 1134 656 1204 συγκοπῆν
710 1132 904 1196 καινῆν
957 1131 1243 1197 κρίνουσιν
1297 1131 1349 1181 οἱ
1402 1130 1626 1182 παλαιοὶ
1660 1129 1749 1180 καὶ
1783 1131 2011 1196 μονήρη
2035 1142 2086 1181 et
2115 1149 2163 1196 p.
2198 1135 2314 1192 655,
2362 1136 2440 1181 10.
2476 1138 2734 1195 rationem

220 1234 369 1282 addit
422 1234 487 1280 ab
543 1235 812 1294 antiquo
867 1230 1167 1278 technico
1222 1229 1490 1277 traditam:
1564 1227 1825 1277 ὀυδέποτε
1860 1229 1964 1295 γάρ
2002 1229 2062 1279 τό
2099 1228 2284 1294 τρίτον
2319 1234 2418 1278 τοῦ
2450 1231 2734 1293 μέλλοντος

217 1333 615 1394 χρεωκοπεῖται
660 1324 1078 1392 παραλήγεσθαι
1118 1323 1394 1389 φωνήεντι
1445 1323 1583 1374 ὥστε
1619 1325 1792 1374 εἰπεῖν
1826 1324 2096 1385 καλέσται,
2131 1323 2385 1375 τελέσται.
2490 1324 2641 1386 Quod
2678 1329 2734 1377 in

220 1424 366 1472 exitu
410 1425 568 1487 primi
609 1424 794 1486 capitis
832 1421 899 1469 de
937 1418 1061 1468 ἆλτο
1100 1419 1237 1477 dixi,
1286 1419 1427 1468 idem
1463 1424 1604 1468 valet
1636 1421 1700 1469 de
1732 1421 1870 1469 aliis:
1933 1420 2091 1486 γέντο
2127 1418 2261 1470 zato?
2300 1420 2577 1486 συγκοπήν
2612 1419 2736 1471 ἀντὶ

215 1525 315 1569 τοῦ
368 1518 536 1568 εἵλετο
590 1517 684 1568 καὶ
738 1516 864 1567 α’ντὶ
914 1523 1012 1567 τοῦ
1064 1516 1274 1583 ἐγένετο
1329 1516 1574 1580 Aponon.
1627 1518 1750 1567 Lex.
1808 1515 1975 1581 αἲρετο
2034 1515 2126 1567 καὶ
2164 1522 2402 1585 συγκοπῇ
2441 1512 2581 1581 ὦρτο
2619 1516 2731 1567 ΕΜ.

219 1619 339 1676 826,
377 1618 457 1664 14.
495 1625 588 1665 etc.
