2960 3740
1447 234 1483 294 5

218 394 328 428 esse
406 377 780 435 consentimus,
843 382 1029 424 neutra
1095 373 1401 440 indigemus.
1501 374 1719 426 Duobus
1785 375 1888 424 illis
1952 378 2249 426 accusativis
2303 376 2549 426 accedunt
2603 377 2705 426 duo

217 473 369 522 aliter
403 472 699 536 compositi.
753 470 991 537 ὑπερδεά
1028 469 1205 535 δῆμον
1240 472 1687 539 ὑπερβαλλόντως
1722 471 1885 520 ἐνδεᾶ
1922 471 2043 520 α’ντὶ
2070 478 2167 522 τοῦ
2185 473 2444 539 ὑπερδεεα
2467 479 2707 540 συγκοπὴ

215 569 331 617 ΕΜ.
379 571 497 625 778,
544 571 587 615 3.
634 575 685 615 et
725 566 864 630 quod
897 564 1148 615 Arcadius
1195 567 1305 615 196.
1353 565 1469 616 huic
1503 565 1741 630 adjungit
1774 585 1835 616 το
1873 565 2110 632 ὑπερδέα
2147 566 2323 632 δῆμον
2358 568 2447 618 καὶ
2483 569 2707 625 δυςκλεα

205 661 395 729 ’Ἁργος
446 657 537 712 καὶ
590 661 747 726 νηλέα
793 658 987 726 θυμόν
1040 658 1138 710 οὐκ
1190 659 1304 710 ἐστι
1353 660 1486 712 κατοὶ
1535 666 1731 727 κρᾶσιν
1786 639 1915 710 α’λλα
1960 661 2094 710 κατα·
2133 661 2347 711 ἔνδειαν
2381 666 2476 712 τοῦ
2512 662 2632 717 ἑνός
2667 680 2704 711 ε.

216 756 544 820 Adiectivum
582 758 828 822 simplex,
881 756 1002 820 quia
1037 770 1301 819 syncopen
1336 771 1426 820 per
1462 773 1640 808 omnes
1681 774 1827 808 casus
1865 765 2151 822 propagat,
2187 757 2290 805 alio
2325 757 2436 805 loco
2472 759 2705 817 tractavi;

216 862 424 918 praeter
470 852 703 918 ὑπερδέα
739 868 891 910 vero,
930 852 1067 916 quod
1104 852 1195 898 alii
1231 867 1342 898 cum
1381 852 1575 916 δέομαι
1610 856 1937 916 conjunctum
1975 862 2184 916 putant,
2222 854 2311 900 alii
2347 869 2458 900 cum
2499 855 2706 901 nomine

220 949 366 1008 δέος,
419 950 589 998 nullus
633 962 778 997 casus
818 949 1073 1012 reperitur
1109 947 1272 1011 epsilo
1311 946 1581 997 destitutus
1616 965 1783 1013 neque
1819 951 1972 1011 hujus
2009 949 2253 1011 adjectivi
2288 965 2454 1012 neque
2491 949 2707 994 aliorum

221 1060 351 1108 quae
405 1060 517 1093 cum
567 1042 755 1093 iisdem
806 1041 1018 1092 vocibus
1055 1041 1342 1106 composita
1377 1050 1495 1090 sunt
1528 1042 1736 1107 ἐνδεής,
1790 1042 2072 1112 όλιγοδεής
2104 1071 2173 1084 -
2209 1041 2392 1106 ἀδεής,
2447 1043 2707 1107 περιδεής,

218 1137 495 1206 ψοφοδεής
549 1146 761 1202 excepto
815 1152 917 1185 uno
972 1152 1137 1201 eoque
1190 1144 1519 1186 controverso
1568 1137 1828 1201 θεουδής,
1883 1139 1947 1187 de
1984 1154 2085 1203 quo
2121 1140 2265 1204 prius
2290 1139 2542 1201 'loquutus
2580 1152 2707 1183 sum.

219 1235 502 1284 Aristarchi
553 1249 759 1281 nomen*
798 1233 958 1279 semel
1011 1241 1213 1280 tantum
1264 1234 1321 1280 in
1368 1234 1463 1279 hac
1498 1249 1645 1281 causa
1678 1237 2028 1298 interponitur
2064 1244 2115 1281 et
2151 1234 2326 1282 verbis
2361 1232 2708 1295 perobscuris3

220 1344 340 1379 nam
365 1327 453 1379 'ad
499 1330 559 1377 ΙΙ.
594 1329 714 1378 ΧΠ.
752 1330 862 1378 318.
900 1327 962 1377 οὐ
998 1329 1109 1392 μὴν
1146 1327 1357 1392 α’κληεῖς
1394 1328 1603 1391 Λυκίην
1635 1329 1772 1379 κατὰ
1808 1335 2154 1396 κοιρανέουσι
2191 1330 2358 1378 Schol.
2396 1328 2456 1375 A.
2492 1328 2587 1374 hoc
2622 1326 2710 1373 ad-

220 1413 391 1476 notat:
465 1423 688 1478 οέκλειεῖς
741 1421 929 1477 οὕτως·
1003 1429 1180 1480 ακλεες
1232 1425 1337 1490 (sic
1372 1425 1483 1472 sine
1519 1436 1723 1474 accentu
1758 1428 2051 1490 Bekkerus)
2101 1426 2158 1474 δὲ
2189 1425 2538 1492 Ἀρίσταρχος
2573 1423 2709 1472 κατὰ

224 1519 498 1587 συγκοπήν
551 1520 620 1574 αἷς
671 1519 730 1567 τὸ
786 1519 1021 1572 δυςκλέα.
1109 1522 1208 1569 Pro
1256 1522 1348 1569 illo
1384 1520 1697 1569 Villoisonus
1733 1523 1894 1571 edidit
1932 1527 2161 1585 ακληεις,
2213 1524 2270 1569 in
2305 1536 2407 1584 quo
2446 1535 2709 1583 syncopae

218 1616 492 1680 vestigium
546 1614 744 1663 nullum
799 1614 1047 1675 cernitur;
1099 1615 1425 1666 Aristarchus
1477 1615 1693 1663 fortasse
1739 1615 1921 1680 α’κλῆες
1970 1618 2122 1666 scribi
2159 1618 2323 1664 voluit
2357 1624 2607 1678 tanquam
2646 1630 2711 1661 ex

224 1713 434 1774 α’κληεές
470 1710 757 1768 concisum,
801 1709 898 1756 hoc
935 1717 1105 1759 autem
1142 1726 1235 1775 pro
1274 1709 1501 1770 ἀκλεέες,
1549 1712 1683 1775 quod
1719 1729 1864 1762 aures
1901 1722 2175 1780 respuunt,
2224 1712 2558 1760 substitutum
2597 1724 2710 1757 esse

222 1808 425 1871 putavit
462 1821 489 1852 e
524 1804 658 1868 psilo
694 1805 863 1868 primo
899 1807 956 1853 in
991 1814 1075 1854 eta
1109 1816 1333 1867 mutato,
1371 1816 1426 1855 ut
1461 1805 1689 1871 ζαχρηής
1723 1811 1959 1858 nonnulli
1995 1825 2090 1876 pro
2130 1807 2352 1873 ζαχρεής
2389 1813 2709 1869 acceperunt·

219 1902 325 1952 Nec
360 1912 537 1951 tamen
572 1910 788 1965 apparet
822 1919 908 1950 cur
941 1903 1039 1963 hoc
1072 1905 1263 1967 fingere
1299 1920 1452 1968 quarn
1491 1903 1695 1967 ἀκληεῖς
1729 1907 1946 1955 scribere
1967 1907 2223 1963 maluerit,
2260 1901 2397 1967 quod
2416 1877 2484 1955 eit⁸
2503 1899 2708 1955 α’κλεέες

222 2006 562 2048 contractum
575 2006 653 2047 est
688 2014 715 2046 e
749 1999 883 2061 psilo
918 1999 1088 2062 primo
1124 1999 1181 2048 in
1217 2006 1300 2049 eta
1334 2007 1648 2060 transeunte,
1684 2000 1877 2052 duobus
1915 2002 2090 2052 alteris
2126 2002 2181 2050 in
2215 1986 2278 2047 s‘a.
2350 1998 2416 2046 Et
2452 1998 2496 2045 si
2525 1995 2711 2061 ἄκλῆες

219 2099 275 2145 in
310 2095 459 2145 libris
493 2096 721 2160 antiquis
759 2096 1003 2159 scriptum
1040 2096 1259 2156 invenit,
1296 2112 1384 2146 cur
1413 2095 1469 2147 id
1504 2113 1756 2163 syncopae
1790 2100 1961 2163 potius
1999 2094 2329 2161 adscripserit
2349 2110 2503 2159 quam
2524 2109 2711 2156 synae-
2761 2109 2773 2118 ‘

219 2193 349 2256 resi,
400 2190 537 2241 unde
588 2199 740 2242 natus
794 2200 871 2241 est
923 2193 1240 2242 accusativus
1293 2190 1553 2254 ἐυκλεῖας,
1606 2207 1724 2244 nam
1773 2210 1822 2243 εε
1868 2200 1918 2242 et
1951 2192 2007 2242 in
2045 2208 2092 2241 ει
2128 2189 2453 2241 contrahitur
2488 2198 2539 2239 et
2572 2191 2627 2240 in
2662 2209 2708 2255 η.

220 2289 461 2352 Denique
513 2303 577 2337 ex
612 2284 837 2351 ’ἄκλεῖες
890 2287 1137 2337 exsistere
1187 2287 1360 2353 potuit
1413 2286 1599 2353 ἅκλῇες
1650 2287 1964 2353 diphthongo
2016 2288 2228 2353 propria
2280 2288 2338 2336 in
2371 2288 2710 2353 impropriam

222 2395 484 2432 conversa.
501 2379 539 2446 ³)
608 2381 800 2431 Verum
847 2382 910 2431 de
954 2383 1242 2431 accusativo
1288 2380 1529 2438 εὐκλεΐας
1572 2397 1677 2432 ιιοῐι
1713 2381 1997 2430 omittenda
2032 2390 2110 2429 est
2148 2382 2408 2429 sententia
2443 2381 2558 2434 EM.
2596 2384 2706 2438 392,

220 2484 300 2528 22.
353 2480 451 2526 τοῦ
503 2475 712 2540 εὐκλεής
762 2478 795 2540 ἦ
850 2477 1120 2541 αἰτιατικῇ
1171 2476 1296 2534 τούς
1340 2477 1579 2533 ἐυκλεέας
1613 2476 1702 2528 καὶ
1734 2478 1865 2526 κατὰ
1906 2477 2226 2540 συναίρεσιν
2264 2477 2500 2532 εὐκλεΐας
2533 2479 2567 2539 ἦ
2604 2477 2705 2525 α’πὸ

220 2579 319 2622 τοῦ
363 2571 574 2625 εὐκλέας
619 2572 902 2622 ἐπενθέσει
944 2580 1042 2623 τοῦ
1079 2562 1115 2620 ι’.
1181 2574 1389 2621 Etenim
1426 2575 1523 2623 hoc
1559 2574 1764 2629 εὐκλέας
1798 2576 2132 2624 manifestam
2169 2575 2399 2638 praefert
2433 2589 2707 2636 syncopen.

222 2672 322 2720 Sed
357 2669 677 2734 probabilior
711 2678 789 2718 est
824 2672 1146 2732 synaeresis..

327 2766 545 2815 -Poetas
580 2765 1076 2834 Homeri-vestigiis
1123 2768 1423 2816 insistentes
1459 2769 1723 2832 adjectivis
1761 2783 1871 2815 cum
1910 2769 2054 2822 κλέος
2092 2769 2389 2833 compositis
2427 2754 2454 2812 ἔ
2486 2765 2709 2811 cliticum

224 2864 508 2915 detraxisse
537 2864 646 2926 jam
682 2863 933 2924 diximus3
983 2866 1199 2914 aliorum
1239 2866 1481 2929 exempla
1513 2880 1719 2931 perrara
1756 2873 1889 2912 sunt.
1945 2864 2116 2914 Unum
2154 2862 2447 2928 hujusmodi
2484 2871 2562 2908 est
2580 2862 2710 2908 illud

355 3063 434 3128 3)
464 3064 606 3123 Hujus
640 3064 881 3122 scripturae
918 3065 1164 3123 exemplum
1196 3076 1225 3108 a
1261 3064 1563 3110 Grammaticis
1599 3064 1848 3131 neglectum
1886 3066 2140 3111 Eustathius
2177 3065 2360 3148 praebet
2393 3067 2498 3123 579,
2538 3067 2601 3109 11.
2632 3067 2712 3108 τοῦ

221 3137 415 3194 ζαχρηεῖς
441 3134 469 3187 ἡ
497 3131 807 3192 παραλήγουσα
833 3129 1053 3191 γράφεται
1084 3131 1156 3176 διὰ
1185 3132 1442 3192 διφθόγγου
1469 3136 1623 3190 ἔχουσα
1650 3130 1678 3186 ἤ
1706 3131 1758 3177 τὸ
1789 3150 1807 3176 ε
1837 3136 1911 3177 καὶ
1939 3153 1955 3177 ι
1986 3134 2224 3192 (ζαχρειεῖς)
2252 3133 2280 3186 ἤ
2310 3129 2362 3176 τὸ
2391 3151 2417 3186 η
2445 3131 2557 3189 μετὰ
2586 3136 2666 3177 τοὺ
2688 3122 2720 3175 ἰ’

221 3199 462 3268 (ζαχρῄεις).
511 3200 754 3262 Ζαχρειεῖς
761 3205 807 3247 et
835 3198 1035 3254 ευκλειεῖς
1061 3201 1208 3262 Apoll.
1236 3201 1272 3247 1.
1299 3204 1397 3250 869.
1425 3217 1511 3251 non
1538 3200 1729 3250 deterius
1758 3208 1916 3252 sonant
1945 3217 2069 3262 quam
2088 3205 2217 3249 σείειν
2235 3207 2279 3250 et
2299 3204 2464 3255 κλείειν,
2485 3203 2565 3249 sed
2585 3216 2711 3261 quum

218 3275 347 3323 facile
375 3274 530 3322 mutari
557 3276 752 3334 possent,
781 3271 878 3318 sine
904 3269 1034 3320 dnbio
1062 3273 1233 3331 rejecta
1260 3278 1372 3319 sunt.
