2960 3740
1462 225 1506 290 8

241 370 392 418 metri
429 384 579 418 causa
615 366 879 433 producto.
951 370 1215 418 Infinitivo
1256 365 1519 430 ἀράμεναι
1554 383 1658 416 non
1685 354 1732 427 ἲν
1763 361 1935 430 psilon
1972 367 2117 415 verbi
2155 366 2736 431 dpoowd·etractun·sest

241 472 298 513 ut
331 463 698 529 Moschopulus
736 463 860 513 dicit
894 463 962 512 ad
996 464 1120 513 Hes.
1161 463 1288 527 opp.
1325 466 1404 510 22.
1440 460 1532 510 sed
1568 449 1597 509 Ε
1632 460 1802 527 psilon
1836 460 1978 508 vocis
2001 457 2321 533 'thematicae
2354 459 2559 528 ’ἀρ·όειν,
2596 464 2735 512 unde

244 558 534 625 ἀροίμεναι
569 559 783 623 produci
821 560 1095 624 oportebat
1129 568 1178 606 et
1214 559 1487 607 contractis
1523 556 1796 607 vocalibus
1825 554 2143 620 ἀρούμεναι.
2195 560 2738 608 Βοῐιίιιιοιιωιιι’>ῑοιιι-

239 657 383 721 poris
421 655 657 719 syllabici
694 655 1037 721 bibliographi
1074 654 1154 702 vel
1190 652 1541 717 geminatione
1579 655 1835 704 consonae
1871 652 2303 705 reconcinnarunt
2337 640 2420 705 vel
2456 656 2612 704 ectasi
2643 669 2736 702 vo·-

243 749 384 809 calis‚
421 750 510 800 alii
549 750 858 818 ἅρόμμεναι
892 751 1184 805 scribentes,
1224 748 1312 797 alii
1334 744 1627 814 ἀρώμεναι.
1696 749 1841 798 Idem
1870 738 1904 796 ἶ
1936 749 2107 814 psilon
2143 749 2291 802 deest
2319 753 2491 803 verbis
2535 752 2734 817 primae

243 846 606 897 declinationis
661 847 973 915 ἄγινέμεναι
1023 854 1073 893 et
1126 844 1263 909 quod
1317 844 1624 895 Zenodotus¹
1645 846 1877 897 Homero
1912 845 2094 895 tribuit
2129 844 2327 912 ὀχέμεν
2360 850 2511 900 v.·ad
2547 849 2732 898 Buttm.

241 958 291 1005 p.
333 945 443 990 154.
482 960 521 995 ε.
594 945 787 995 Δινέω·
837 942 1085 991 remansit
1119 956 1243 988 vero
1279 943 1334 989 in
1370 941 1661 1008 γοήμεναι,
1710 941 2129 1009 φιλήμεναιεῐο.
2168 959 2300 1008 quae
2326 962 2450 996 -cum
2489 942 2732 1008 συλήτην,

244 1038 554 1104 ὄμαρτήτην
590 1049 961 1112 comparantur.
1026 1023 1331 1101 Εἶρύμεναι
1368 1039 1434 1086 ad
1473 1039 1659 1102 εἷ’ρυμι
1692 1041 1874 1088 referri
1911 1040 2057 1087 solet.
2110 1040 2373 1089 Poeticum
2402 1043 2526 1104 ι’]ιιεν
2544 1042 2737 1090 rationi

242 1136 408 1183 multo
444 1138 608 1199 magis
643 1135 870 1198 congruit
905 1148 1060 1196 quam
1097 1133 1261 1192 ἰέναι,
1307 1134 1406 1181 sed*
1436 1136 1692 1185 rationem
1729 1136 2031 1194 vicibusus,
2064 1135 2230 1199 isque
2265 1136 2339 1184 ita
2375 1137 2734 1186 corroboratus

244 1237 322 1279 est
356 1239 413 1279 ut
441 1231 551 1294 jam
586 1247 678 1296 pro
716 1230 916 1279 vitiosis
957 1228 1266 1279 damnentur
1304 1228 1497 1280 α’πίναι
1534 1241 1585 1279 et
1618 1231 1789 1288 ἐξίναι
1822 1248 1868 1280 ν.
1906 1231 1971 1280 ad
1992 1231 2183 1294 Phryn.
2206 1234 2282 1281 16.
2297 1230 2334 1298 ⁶)
2372 1233 2438 1281 ad
2460 1232 2737 1299 quae'scri‘-

241 1335 417 1390 ptores
454 1328 674 1389 vulgaris
710 1334 864 1374 notae
901 1340 1007 1373 non
1042 1327 1356 1374 conscientia
1393 1327 1505 1374 veri
1541 1326 1632 1374 sed
1666 1326 1897 1388 respectu
1931 1327 2152 1377 aliorum
2190 1342 2396 1376 casuum
2435 1328 2588 1392 ‘’Jusv,
2636 1331 2732 1389 ἴτε,

244 1421 341 1471 ι”τω
380 1420 581 1471 deducti
615 1422 860 1472 videntur
892 1450 960 1458 —
992 1422 1302 1486 Temporum
1338 1425 1737 1487 praeteritorum
1774 1438 1904 1487 quae
1938 1438 2233 1489 paragogen
2264 1426 2733 1486 ionicam-habent,

244 1520 413 1567 forma
464 1519 675 1568 brevior
723 1520 996 1582 dupliciter
1038 1519 1336 1583 explicatur.
1403 1518 1917 1585 Ἡρακλείδηςλέγει
1952 1518 2041 1569 ὅτι
2076 1520 2246 1587 αἳςπερ
2284 1522 2509 1588 ἐφίλουν
2544 1522 2734 1589 ἐφίλει,

244 1612 412 1670 οὕτως
450 1613 551 1664 ἀπὸ
586 1620 685 1665 τοῦ
723 1617 790 1665 ἔω
829 1616 857 1664 ὁ
894 1614 1252 1677 παρατατικός
1287 1613 1408 1673 οὖν,
1464 1615 1565 1674 εἷς,
1612 1614 1711 1664 εἶ·.
1753 1614 1806 1664 οἱ
1839 1615 2161 1681 δὲ’Δωριεῖς
2196 1615 2262 1664 τοὶ
2299 1617 2374 1672 εἰς
2410 1609 2735 1682 ἐῖπερατού-

242 1729 382 1776 μενα
431 1710 765 1776 παρατατικοὶ
817 1709 990 1759 πάντα
1028 1715 1147 1759 κατ’
1184 1709 1477 1776 ἀφαίρεσιν
1513 1716 1611 1760 τοῦ
1632 1699 1688 1759 υ-
1706 1710 1990 1776 ἐκφέρουσι
2020 1711 2157 1777 μετοὶ
2194 1709 2530 1777 προςθέσεως
2564 1719 2735 1780 τριῶν

244 1805 548 1869 στοιχείων,
588 1806 758 1872 ἐφίλει
796 1807 1046 1871 ἐφίλεσκε,
1085 1807 1228 1855 ἐνόει
1264 1806 1501 1855 ἐνόεσκε·
1575 1802 1715 1854 οὕτω
1750 1805 1840 1855 καὶ
1877 1806 2121 1858 ἀπὸτοῦ
2141 1806 2193 1857 εἶ
2211 1810 2494 1859 ἐσκεΕιιεῐ.
2519 1790 2665 1870 1642,
2688 1814 2734 1860 8.·

243 1903 348 1953 Sed
399 1903 659 1952 diversum
714 1904 892 1952 suadet
924 1905 1057 1952 alius
1090 1906 1203 1967 quis
1240 1906 1293 1952 in
1331 1904 1444 1952 EM.
1478 1885 1630 1962 381,'
1657 1907 1735 1952 32.
1773 1903 1841 1957 ὥς
1877 1905 2074 1969 ἔφερον
2111 1905 2400 1970 φέρεσκον,
2452 1905 2595 1953 οὕτω
2634 1905 2733 1957 ἀπὸ

241 2006 343 2050 τοῦ
378 2002 470 2050 ἔον
508 1999 737 2065 ω’φειλεν
773 1998 912 2048 εἶναι
946 1998 1005 2049 τό
1042 2018 1266 2049 ιωνικον
1304 2000 1489 2048 ἐέσκον
1523 1996 1653 2046 ἄλλα
1686 1997 1778 2046 διὰ
1806 1997 1906 2063 τήν
1935 1999 2233 2064 ἐπαλληλαν
2250 2019 2311 2049 το
2297 1987 2732 2064 ἕνὲἐέξεβλήθη.

240 2096 344 2145 Hic
377 2098 534 2160 igitur
563 2111 670 2144 non
704 2096 827 2154 iota,
861 2104 915 2143 ut
931 2094 1253 2152 Heraclides,
1290 2095 1714 2160 praetermissum
1753 2095 1876 2144 dicit
1910 2095 2001 2144 sed
2022 2096 2241 2160 epsilon.
2313 2093 2540 2158 Uterque
2559 2104 2732 2145 autem

239 2204 517 2255 personam
564 2192 769 2239 tertiam
816 2191 1051 2240 omnibus
1101 2191 1216 2239 aliis
1263 2189 1616 2239 fundamenti
1630 2190 1754 2239 loco
1772 2173 2072 2240 substernit
2079 2185 2132 2256 ⁷)
2155 2188 2291 2255 quod
2327 2198 2732 2241 consentaneum

240 2287 449 2353 quidem
505 2294 582 2335 est
635 2301 809 2336 eorum
863 2288 1096 2353 opinioni
1132 2287 1220 2350 qui
1258 2284 1498 2335 δύνασαι
1533 2301 1563 2334 a
1601 2284 1859 2352 δύναται,
1913 2287 2039 2350 ἕζην
2076 2287 2139 2335 ab
2174 2285 2266 2350 ἐζη
2304 2285 2600 2335 derivatum
2632 2297 2736 2336 sta-

238 2391 415 2441 tuunt,
471 2382 561 2430 sed
599 2382 856 2436 discordat
891 2400 1000 2432 eum
1039 2384 1155 2431 aliis
1191 2383 1465 2431 verborum
1501 2381 1774 2446 generibus
1808 2383 1953 2430 velut
1991 2381 2208 2442 στάσκε,
2265 2380 2633 2446 δόσκε,.;φιαο
2669 2383 2733 2431 ab

236 2480 489 2528 inauditis
527 2479 696 2535 ἔσταε,
735 2477 853 2527 ε”δοε
886 2480 1137 2543 producta
1173 2494 1286 2526 esse
1321 2494 1475 2528 nemo
1512 2479 1667 2526 facile
1703 2477 1910 2536 dixerit,
1946 2486 1999 2525 et
2031 2480 2075 2525 si
2110 2480 2223 2543 quis
2260 2477 2735 2526 contendattamen

235 2577 364 2626 talia
415 2576 571 2623 etiam
623 2587 652 2620 a
700 2588 805 2621 non
839 2577 1024 2638 genitis
1061 2576 1200 2639 gigni
1236 2576 1495 2639 potuisse,
1553 2574 1812 2639 explicare
1847 2588 1956 2622 non
1989 2577 2181 2639 poterit
2214 2591 2315 2623 cur·
2337 2573 2401 2622 ab
2435 2572 2601 2641 ἐγόαε.
2627 2590 2734 2623 uon

234 2671 464 2740 γοοῖεσκε
510 2677 688 2718 natum
733 2671 800 2718 sit
841 2671 931 2719 sed
974 2671 1221 2737 γοάασκι.
1320 2671 1560 2734 Denique
1597 2669 1859 2736 ῥίπτασκε
1895 2677 1947 2716 et
1981 2670 2171 2719 similia
2205 2672 2284 2719 illi
2319 2671 2511 2718 rationi
2541 2670 2734 2718 directa

367 2901 422 2963 6)
477 2901 644 2947 Anatis
667 2901 802 2944 adde
788 2900 907 2951 ἴναι,
936 2903 1048 2958 quod
1075 2904 1355 2947 Herodianus
1385 2903 1441 2947 de
1470 2903 1618 2946 Dichr.
1650 2905 1750 2959 298,
1779 2904 1821 2945 8.
1851 2913 1944 2945 cum
1971 2901 2107 2955 ἐξίναι
2134 2903 2283 2962 affert,
2335 2906 2382 2946 et
2409 2900 2565 2945 ἀπίναι
2596 2901 2730 2944 Anth.

234 2974 315 3021 Xl.
352 2974 449 3019 404.
500 2969 738 3028 Ὲςιέμεναι
779 2967 1134 3029 0dyss.XX11.
1170 2975 1265 3018 470.
1294 2985 1381 3017 ιιοιι
1418 2972 1662 3017 infinitivus
1702 2974 1772 3016 est
1808 2973 1855 3015 ut
1888 2969 2150 3032 Kmegerus
2186 2973 2312 3029 putat
2345 2971 2391 3016 in
2428 2970 2614 3018 Gramm.
2652 2968 2730 3014 Gr.

233 3047 285 3089 Τ.
318 3045 375 3087 11.
402 3045 472 3086 99.
502 3041 584 3085 sed
612 3040 884 3098 participium
911 3042 1035 3085 verbi
1063 3046 1191 3097 ἵ.εμαι

368 3122 423 3186 7)
469 3122 537 3167 Οἱ
560 3119 702 3174 Ἴωνες
738 3123 810 3166 ἐπὶ
847 3124 929 3166 τοῦ
963 3124 1113 3182 τρίτου
1151 3122 1384 3184 προςώπου
1399 3119 1715 3189 προςτιθέασι
1743 3119 1796 3165 τὸ
1825 3136 1913 3167 σκ·
1933 3124 1976 3166 οἱ
2005 3121 2050 3166 δὲ
2078 3123 2261 3176 ποιηταὶ
2288 3115 2404 3167 κατὰ
2430 3109 2616 3178 μίμησιν
2644 3120 2734 3163 τῶν

224 3191 382 3238 Ἰώνων
407 3194 481 3236 καὶ
508 3188 561 3234 τὸ
588 3193 767 3250 πρῶτον
794 3191 870 3234 καὶ
902 3187 953 3233 τὸ
982 3189 1183 3251 δεύτερον
1209 3189 1387 3237 ποιοῦσι
1415 3191 1489 3235 διὰ
1517 3194 1598 3235 τοῦ
1627 3204 1680 3235 ox
1708 3189 1919 3236 Choerob.
1947 3188 2057 3234 Can.
2086 3191 2192 3252 688,
2228 3192 2299 3237 w.
2329 3200 2443 3248 quae
2469 3187 2734 3266 transfluxe-

230 3265 331 3306 runt
358 3261 405 3304 in
433 3260 530 3305 ΕΜ
559 3263 656 3321 62⁴,
681 3263 749 3305 54.
783 3258 1112 3317 Epim.1.3⁷e.
2183 3282 2188 3287 ·
2544 3283 2548 3287 Δ
