2960 3740
1427 257 1466 316 6

204 399 339 463 quod
387 401 439 445 in
476 399 661 451 Paran.
700 402 813 451 235.
849 414 914 447 ex
948 399 1284 462 Euphorione
1321 399 1514 460 protuli
1552 397 1715 462 ἅτρέα
1753 399 1930 462 δῆμον
1965 413 2060 462 pro
2100 396 2261 462 ἀτρεῆ
2296 402 2406 447 sive
2443 397 2704 462 ἄτρεστον

201 505 444 557 tanquam
482 509 513 541 a
547 503 683 541 recto
724 493 911 558 ἀτρεής
947 495 1086 542 u'nde
1122 496 1252 541 alius
1287 502 1558 555 poetarum
1596 498 1975 543 nominativum
2009 493 2277 554 'pluralem'
2300 494 2450 543 duxit
2467 493 2703 542 sedeon-

203 600 418 638 tractum
475 589 679 653 ἀτρεῖες
732 592 840 636 sive
897 589 1102 654 α’τρῆες.
1173 587 1419 648 Ejusdem
1467 596 1624 636 notae
1678 599 1756 638 est
1803 587 1971 652 ἄχρέα
2007 587 2146 650 quod
2180 588 2500 638 Wernickius
2536 587 2704 637 edidit

201 680 392 751 Tryph.
430 702 475 734 v.
516 688 626 734 125.
660 684 957 747 μοχθίζειν
996 684 1247 734 ἀτέλεστα
1282 680 1372 731 καὶ
1409 680 1593 745 α’χρέα,
1631 684 1723 733 sed
1758 689 1986 749 praestat
2003 682 2261 732 tralaticia
2277 686 2486 750 scriptio
2508 680 2701 751 &298oe

203 799 322 831 nam
379 780 570 844 οἷχρεής
623 796 726 828 non
780 790 944 840 extat3
1015 780 1151 844 apud
1207 779 1526 841 Hesychium
1578 778 1767 844 Ἀχρέα
1813 777 2145 843 βλάσφημον
2183 777 2440 844 ἄμορφον
2478 781 2700 846 ἀχρεῖον

204 875 440 941 λυπηρόν
492 879 547 925 in
600 875 707 924 cod.
763 884 900 925 recte
949 878 1196 940 scriptum
1236 882 1314 922 est
1350 873 1544 940 ἄχρεα,
1601 875 1742 939 quod
1773 882 2042 939 poetarum
2075 874 2264 938 aliquis
2299 878 2570 940 usurpavit
2604 892 2700 941 pro

205 974 395 1036 ἄχρεια
442 975 549 1020 sive
586 971 779 1034 ἀχρεῖα
816 974 1081 1020 intellectu
1118 971 1402 1020 adverbiali
1441 987 1595 1033 quem
1631 970 1861 1019 indicant
1895 968 2155 1031 adjectiva
2188 973 2391 1020 numeri
2427 973 2702 1036 singularis

205 1084 233 1115 a
277 1066 643 1130 glossographo
697 1068 935 1130 apposita
986 1068 1119 1115 sicut
1171 1082 1264 1131 pro
1316 1063 1539 1127 καιρίως
1585 1063 1795 1130 ἐτρώθη
1830 1065 2137 1128 exquisitius
2175 1065 2360 1114 dicitur
2395 1067 2613 1133 καίριον
2648 1078 2700 1117 et

204 1163 401 1227 καίρια.
506 1161 610 1207 Sed
647 1134 1018 1209 Callimachum
1064 1178 1157 1225 pro
1181 1159 1497 1229 '‘siconi-aves·
1544 1177 1817 1224 usurpasse
1860 1159 2183 1221 βιοπλανεῖς
2216 1162 2409 1211 Joanni
2442 1162 2698 1218 Alexand,

205 1259 459 1307 credimus
494 1257 632 1304 haud
667 1259 846 1315 inviti3
909 1264 1031 1305 nam
1071 1256 1370 1305 adverbium
1410 1256 1584 1303 minus
1623 1258 1913 1321 appositum
1951 1245 2173 1305 videtur.
2259 1256 2406 1316 Quod
2445 1257 2701 1307 Nicander

203 1354 282 1402 ΑΙ.
324 1355 433 1401 164.
468 1354 524 1400 in
563 1353 705 1400 exitu
741 1367 920 1401 versus
956 1353 1129 1417 posuit
1164 1352 1360 1413 ἓζιιπλεα
1395 1350 1634 1413 κύμβην,
1672 1354 1716 1399 si
1752 1360 2013 1399 accentum
2051 1352 2383 1411 attendimus,
2419 1355 2698 1418 metaplas-

203 1464 316 1497 mus
353 1456 431 1495 est
466 1463 560 1511 pro
597 1448 851 1510 ἔμπλεον,
888 1462 995 1496 non
1030 1461 1275 1510 syncope;
1312 1461 1433 1493 nam
1472 1445 1720 1509 ἑμπλεής,
1756 1445 1982 1509 ἐκπλεής,
2021 1448 2287 1510 συμπλεής
2321 1448 2459 1496 haud
2495 1453 2700 1512 cognita

203 1552 346 1605 sunt,
389 1557 483 1590 nec
518 1540 809 1590 offensione
846 1550 985 1590 caret
1018 1540 1265 1602 Hesychii
1302 1542 1473 1602 glossa
1503 1539 1748 1603 Ἐμπλεῖς
1784 1538 2017 1604 πλήρεις,
2062 1541 2175 1588 sive
2211 1542 2277 1590 ad
2312 1545 2695 1593 nominativum

205 1637 402 1702 ἒμπλής
437 1641 525 1703 (ut
560 1635 752 1699 νηλής)
800 1637 1071 1685 referimus
1117 1638 1225 1684 sive
1260 1636 1326 1684 ad
1365 1634 1603 1699 ἒμπλεής.
1672 1636 1858 1683 Aratus
1897 1639 2039 1683 1031.
2077 1635 2325 1703 γεράνων
2362 1637 2699 1705 στίχες-πα-

205 1734 446 1797 λιμπετές
501 1732 828 1782 ἀπονέωνται
880 1732 1016 1781 haud
1068 1732 1221 1780 dubie
1258 1731 1564 1780 adverbium
1603 1747 1715 1780 esse
1749 1733 1941 1791 voluit,
1998 1747 2150 1796 quem
2188 1733 2506 1784 intellectum
2542 1735 2699 1785 habet

203 1832 339 1896 apud
362 1831 669 1885 Homerum,
709 1827 1079 1876 Callimachum
1117 1839 1168 1875 et
1185 1827 1427 1877 Nonnum
1451 1828 1563 1876 Par.
1582 1827 1721 1877 XXI.
1744 1831 1819 1876 17.
1855 1837 1913 1876 ut
1947 1827 2270 1884 παλιντυπές
2307 1826 2431 1878 ἆλτο
2470 1831 2697 1897 ῥαιστήρ

205 1929 439 1989 ἄκμονος
474 1925 645 1988 Apoll.
674 1924 771 1971 111.
802 1924 945 1970 1254.
981 1923 1235 1985 adjectivo
1273 1925 1412 1971 solus
1449 1926 1610 1971 utitur
1626 1924 1836 1971 Nonnus
1874 1933 1925 1971 et
1958 1925 2229 1987 pluraliter
2264 1926 2470 1989 quidem
2509 1934 2702 1993 παλιμ-

204 2024 392 2075 πετέες.
480 2021 581 2067 Pro
628 2012 882 2080 syncope,
937 2019 1016 2065 cui
1053 2018 1397 2081 Goettlingius
1435 2019 1503 2067 ad
1538 2018 1730 2067 Theod.
1767 2022 1881 2070 243.
1919 2025 1969 2065 et
2005 2018 2069 2066 de
2105 2019 2219 2067 Ace.
2258 2024 2369 2068 327.
2407 2025 2699 2088 perispasin

202 2120 546 2181 genitivorum
585 2114 888 2177 ἄυταρκαῖν,
927 2112 1190 2166 δυςωδαῖν
1226 2122 1318 2161 etc.
1355 2113 1609 2170 attribuit,
1646 2116 1946 2174 synaeresin
1979 2113 2225 2162 substitui
2259 2115 2330 2164 ad'
2359 2117 2551 2171 Buttm.
2582 2122 2697 2167 339.

202 2201 283 2262 fix
330 2227 544 2260 numero
596 2202 968 2271 adjectivorum
1022 2210 1333 2273 simplicium
1390 2207 1492 2255 duo
1527 2207 1638 2256 'huc
1682 2209 1984 2269 trahuntur3
2054 2207 2187 2258 αἰποέ
2224 2210 2424 2276 ρεέθρα
2457 2212 2599 2283 naq&

205 2310 361 2356 αἰπεῖα
410 2309 466 2354 ἐν
512 2310 751 2373 συγκοπῇ
787 2305 900 2352 ΕΜ.
939 2309 1030 2362 37,
1082 2307 1175 2351 42.·
1200 2304 1291 2352 sed
1328 2305 1426 2350 hoc
1459 2303 1717 2351 refellitur
1751 2305 2006 2352 feminino
2046 2303 2198 2368 αἵπή·
2265 2307 2482 2356 alterum
2522 2326 2539 2355 ι
2648 2310 2699 2357 «b

203 2407 386 2455 eodem
423 2403 667 2452 traditum
703 2418 751 2466 p.
791 2403 868 2457 59,
906 2404 984 2447 47.
1025 2400 1141 2454 ἅλες
1179 2400 1320 2452 ἄλεες
1358 2397 1471 2448 ἀπὸ
1499 2402 1599 2448 τοῦ
1633 2396 1833 2455 αόλλέες
1866 2398 2058 2465 κράσει
2092 2404 2189 2450 τοῦ
2223 2388 2291 2450 ἀ’-ο
2326 2398 2418 2452 καὶ
2455 2400 2699 2469 ἀποβολῇ

201 2501 299 2549 τοῦ
336 2500 455 2553 ἑνός
491 2505 517 2548 λ
553 2499 694 2552 ἀλέες
727 2495 818 2546 καὶ
856 2471 988 2555 ἄλες,
1027 2497 1166 2560 quod
1202 2497 1366 2546 tribus
1402 2496 1521 2544 aliis
1557 2496 1682 2544 locis
1715 2497 1917 2561 profert
1952 2497 2158 2546 diverso
2187 2502 2398 2547 accentu
2426 2508 2477 2547 et
2495 2501 2698 2564 spiritu,

201 2598 438 2660 clareque
473 2593 781 2660 pronunciat
813 2590 870 2638 id
904 2598 1064 2654 genus
1101 2601 1339 2640 neutrum
1379 2606 1493 2640 esse
1530 2591 1770 2652 adjectivi
1808 2582 1933 2654 ἆλής
1967 2592 2021 2639 id
2058 2601 2140 2638 est
2172 2592 2391 2656 ἁθρόος.
2461 2591 2542 2641 Ita
2576 2599 2699 2657 syn-

201 2707 325 2756 cope
363 2690 553 2738 avolat.
624 2687 727 2738 Nec
764 2686 1091 2735 concedenda
1128 2696 1206 2736 est
1241 2687 1504 2736 adverbiis
1544 2702 1672 2751 quae
1705 2690 1784 2737 illi
1820 2703 1886 2736 ex
1921 2688 2190 2751 adjectivis
2225 2690 2429 2752 generis
2465 2692 2699 2738 neutrius

199 2797 320 2837 nata
356 2788 553 2836 ferunt:
627 2779 769 2861 ω’κεά
805 2778 940 2841 αἴκα,
980 2783 1157 2850 σαφέα
1194 2782 1362 2849 σάφα,
1397 2781 1750 2848 ἀνεβιβάσθη
1788 2784 1818 2833 ὁ
1852 2781 2010 2839 τόνος
2043 2782 2179 2848 μετὰ
2215 2782 2315 2846 τὴν
2349 2783 2697 2849 ὑπεξαίρεσιν

196 2887 293 2930 τοῦ
339 2869 417 2939 ’ΞΑ
462 2879 523 2928 τὸ
579 2878 640 2927 δὲ
692 2875 852 2939 θαμά
904 2875 1162 2933 ὀξύτονον
1216 2878 1320 2928 α’πό
1374 2884 1474 2928 τοῦ
1526 2878 1704 2942 θαμός
1756 2878 1998 2945 (θαμύς)
2051 2879 2316 2938 ὀξυτόνου
2359 2881 2697 2951 Herodianus

194 2977 379 3024 Joann.
415 2992 460 3037 p.
496 2979 573 3023 29.
613 2983 664 3022 et
699 2973 1008 3036 Apollonius
1043 2974 1173 3022 Adv.
1213 2973 1510 3035 563..παροὶ
1546 2975 1607 3023 τό
1642 2977 1809 3038 ταχέα
1845 2975 2012 3038 τάχα,
2065 2976 2263 3041 κρατέα
2298 2974 2499 3041 κάρτα,
2554 2975 2694 3041 λίγα,

199 3070 332 3120 ὦκα·
404 3071 496 3118 διό
542 3068 875 3132 σημειωτέον
917 3067 978 3119 τὰ
1022 3068 1183 3131 θαμά
1219 3066 1555 3132 ὀξυνόμενον
1589 3068 1735 3136 παρά
1766 3068 1829 3120 τὸ
1866 3067 2063 3134 θαμύς.
2146 3072 2228 3126 De
2260 3071 2527 3123 nonnullis
2564 3085 2696 3135 quae

196 3164 566 3228 adjectivorum
606 3164 921 3215 adminiculo
959 3173 1147 3225 carent,
1187 3164 1502 3232 disceptatur
1535 3175 1701 3217 utrum
1739 3166 1858 3215 hinc
1892 3164 2175 3232 repetenda
2211 3160 2419 3218 sint'an
2448 3163 2698 3220 averbis:
