2960 3740
1429 258 1499 319 12

204 408 408 473 epsilon
438 405 589 471 prius
625 405 856 454 excisum
895 414 973 453 est
1008 410 1255 467 sequente
1292 401 1650 460 anabibasmo,
1687 403 1907 451 alterum
1946 418 2080 452 cum
2096 405 2418 470 diphthongo
2439 408 2712 472 colliques-

202 506 284 553 cit
355 501 606 565 Ejusdem
652 503 904 567 temporis
942 508 1020 549 est
1052 498 1262 563 μυθέαι
1293 495 1595 561 ’ἄκράαντος
1631 496 1830 544 Od.11.
1869 503 1983 546 202.
2020 502 2288 566 utriusque
2323 511 2495 551 autem
2533 518 2711 554 accen·
2776 524 2778 526 ·

199 598 282 648 tus
323 598 693 665 disputabilis:
764 595 825 646 τό
870 595 1069 646 πωλέαι
1116 594 1171 643 ἐκ
1206 599 1303 643 τοῦ
1339 597 1598 642 πωλεῖται
1630 590 1753 641 κατ’
1790 591 2014 643 ἔνδειαν
2048 601 2147 645 τοῦ
2183 617 2215 646 τ
2243 594 2336 648 καὶ
2365 601 2476 648 τόῦ
2501 618 2549 648 a·
2613 599 2709 650 διο

199 692 291 744 καὶ
338 694 702 759 παροξύνεται
738 692 885 742 καθα
922 689 1013 742 καὶ
1046 689 1106 739 τὸ
1143 692 1378 753 μυθεΗαι
1444 688 1492 738 εἰ
1524 685 1601 753 μή
1635 706 1716 744 τις
1748 687 1888 739 doto?
1934 693 2370 758 προπαροξύνειν
2415 695 2591 746 ἐθέλει
2638 698 2709 753 ὥς

196 788 599 854 ἀναδραμόντα
644 791 719 845 εἷς
755 790 1050 853 ὁμοιότητα
1085 791 1185 834 τοῦ
1220 785 1445 834 τύπτε-αι
1482 786 1622 834 Eust,
1660 787 1807 834 1518.
1843 789 1923 835 60.
1959 802 2091 851 quae
2128 790 2447 841 anadromae
2480 794 2705 858 suspicio

195 890 555 950 proseminata
607 896 686 933 est
735 887 797 933 ab
852 884 1256 945 antiquiocibus,
1317 884 1404 945 qui
1441 879 1706 940 δύνασαι,
1755 879 1981 932 τίθεσαι
2016 898 2082 932 ex
2116 899 2343 947 persona
2376 890 2531 943 tertia
2560 898 2703 941 retro

197 984 334 1029 flexa
387 997 500 1029 esse
552 984 752 1044 fingunt
796 978 1047 1027 Choerob.
1087 977 1210 1026 Can.
1248 980 1359 1024 878.
1396 976 1512 1025 EM.
1549 978 1667 1035 290,
1722 980 1803 1025 34.
1839 994 1888 1026 v.
1923 977 2086 1028 Koen.
2124 977 2191 1027 ad
2226 978 2378 1044 Greg.
2413 986 2529 1035 411.
2600 985 2700 1035 Pro

192 1079 287 1126 illu
319 1077 476 1127 scribi
508 1086 713 1141 poterat
739 1074 977 1138 μυθέεαι
1011 1076 1176 1139 epsilo
1208 1081 1352 1121 muto
1388 1081 1445 1120 ut
1481 1078 1559 1120 est
1594 1074 1649 1121 in
1685 1072 1945 1134 bisyllabo
1979 1072 2154 1123 κέλεαι
2185 1074 2277 1124 sed
2312 1078 2500 1128 melius
2529 1081 2698 1130 visum

193 1174 429 1220 vocalem
478 1188 608 1235 quae
652 1172 744 1219 sub
782 1173 985 1219 aurium
1023 1185 1316 1218 mensuram
1351 1183 1459 1216 non
1496 1167 1655 1226 cadit,
1711 1183 1778 1215 ne
1815 1171 1975 1219 oculis
2012 1169 2220 1235 quidem
2259 1171 2527 1234 subjicere.
2597 1176 2699 1226 Ita-

194 1283 294 1333 que
341 1278 429 1317 aut
471 1267 679 1330 μύθεαι
714 1282 935 1316 numero
972 1265 1222 1327 dactylico
1260 1265 1504 1329 scriptum
1544 1273 1622 1313 est
1657 1264 1820 1329 epsilo
1857 1266 1986 1315 eliso
2024 1273 2114 1315 au't
2142 1265 2352 1329 μυθέαι
2388 1268 2569 1318 eadem
2607 1286 2698 1319 vo·

190 1366 288 1411 cali
324 1366 406 1411 vel
440 1364 687 1411 radicitus
723 1372 958 1411 extracta
993 1362 1077 1410 vel
1112 1376 1221 1408 cum
1263 1359 1585 1424 diphthongo
1617 1361 1762 1408 finali
1798 1371 2075 1421 eontracta,
2114 1349 2271 1426 quodss
2306 1366 2394 1428 qui
2424 1375 2695 1416 accentum

188 1473 294 1505 non
330 1467 684 1516 retraxerunt,
732 1458 1043 1522 praetulisse
1079 1455 1335 1508 videntur.
1404 1456 1687 1503 Manifesta
1723 1463 1895 1504 autem
1926 1472 2155 1521 syncope
2191 1465 2269 1506 est
2303 1458 2696 1511 secundae-im-

182 1554 401 1615 perfecti
454 1568 713 1616 per-sonae
768 1562 819 1599 et
860 1551 1178 1615 imperativi,
1237 1550 1381 1612 cujus
1416 1550 1644 1614 plurima
1679 1559 1799 1600 sunt
1834 1552 2102 1616 exempla;
2168 1553 2392 1616 primum
2428 1556 2485 1604 in
2520 1556 2694 1606 verbis

181 1647 483 1709 barytonis,
542 1664 762 1712 quorum
817 1662 976 1694 unum
1029 1646 1214 1706 legitur
1257 1643 1395 1707 apud
1432 1643 1721 1695 Homerum
1758 1644 1893 1695 ἔκλε’
1930 1645 2015 1696 ἐπ’
2056 1645 2369 1714 ἀνθρώποις
2403 1649 2465 1698 ΙΙ.
2501 1649 2690 1701 XXIV.

179 1744 294 1790 202.
331 1745 425 1791 sed
461 1760 569 1792 non
606 1748 720 1792 sine
758 1745 1081 1792 dissensione
1118 1742 1403 1789 Ptolemaei
1434 1751 1487 1789 et
1505 1741 1821 1791 Herodianit
1873 1740 1973 1805 τήν
2008 1728 2099 1792 H}
2133 1742 2408 1808 συλλαβήν
2442 1743 2697 1803 ὀξυτονεῖ

179 1838 209 1888 ὅ
239 1839 632 1904 Ἀσκαλωνίτης
676 1838 973 1908 ἡγούμενος
1015 1836 1075 1885 ro*
1123 1813 1311 1901 πλῆρες
1348 1835 1492 1885 εἶναι
1528 1838 1729 1887 ἐκλέου·
1800 1835 1898 1887 οὐκ
1934 1837 2049 1887 ἔστι
2086 1836 2174 1898 δὲ,
2234 1839 2363 1889 ἀλλὰ
2400 1840 2570 1891 ἐκλέεο
2605 1861 2690 1892 τε-

175 1936 569 2001 τραουλλοίβως
620 1935 712 1986 καὶ
772 1937 877 1985 εἴτε
928 1937 959 1998 ἡ
1014 1933 1160 1991 ὀξεῖα
1217 1934 1575 2001 συγκέκοπται
1623 1935 1732 1984 εἴτε
1782 1936 1814 1998 ἦ
1852 1934 2057 2000 βαρεῖα
2106 1936 2141 2000 ἦ
2174 1935 2312 2001 μετοὶ
2351 1937 2450 2002 τὴν
2485 1938 2687 1998 ὀξεῖαν,

175 2030 381 2099 ὀφείλει
415 2032 570 2096 τρίτη
626 2032 733 2081 cino
785 2032 961 2087 τέλους
1010 2033 1041 2094 ἦ
1093 2029 1240 2086 ὀξεῖα
1295 2029 1695 2095 φυλάττεσθαι·
1755 2030 1889 2080 οὐδέ
1939 2029 2041 2097 γάρ
2088 2032 2117 2080 ὁ
2160 2033 2438 2096 χαρακτήρ
2477 2035 2684 2085 κωλύει.

174 2126 508 2178 Ptolemaeus
560 2130 720 2192 igitur
773 2128 986 2177 credidit
1037 2141 1102 2176 ex
1139 2127 1405 2176 ordinario
1451 2126 1628 2177 ἓκλέου
1664 2143 1760 2192 per
1792 2126 2052 2193 hyphesin
2084 2114 2130 2191 J
2156 2129 2278 2194 psili
2324 2130 2519 2179 factum
2572 2147 2685 2180 esse

174 2224 344 2283 ἐκλέο,
397 2241 564 2289 eaque
619 2234 768 2289 trope
820 2230 1080 2272 accentum
1134 2237 1240 2271 non
1295 2224 1486 2272 mutari
1538 2224 1761 2273 fortasse
1814 2223 2060 2289 probavit
2109 2226 2362 2291 exemplis
2410 2227 2682 2276 nominum

172 2320 229 2368 ln
283 2320 471 2368 Parall.
527 2323 642 2368 249.
699 2320 868 2368 allatis
920 2318 1155 2376 αἲκύπος,
1226 2315 1481 2378 ἀρτίπος,
1550 2328 1601 2366 et
1651 2318 1885 2382 genitivo
1921 2316 2113 2377 Κλεός,
2186 2335 2338 2385 quem
2377 2323 2618 2370 nonnulli
2655 2339 2682 2370 e

172 2415 381 2470 Κλεοῦς
418 2424 587 2464 ortum
643 2387 887 2479 putarunt
937 2428 985 2462 v„
1044 2430 1094 2461 c.-
1137 2411 1225 2460 IV.
1280 2412 1325 2479 ᾗ.
1380 2418 1426 2462 2.
1532 2413 1868 2463 Herodianus
1904 2428 2026 2462 vero
2063 2414 2470 2478 paradigmatico
2508 2417 2681 2476 ἐκλέευ

171 2511 377 2576 epsilon
430 2511 515 2558 vel
566 2511 767 2574 primae
817 2508 1049 2571 syllabae
1102 2508 1185 2554 vel
1235 2509 1502 2571 sequentis
1554 2510 1839 2557 detractum
1907 2511 2110 2571 putavit
2177 2510 2401 2573 ideoque
2470 2523 2682 2577 antepe-

167 2604 446 2656 nultimam
501 2606 638 2653 acuit
691 2606 810 2668 quia
860 2606 916 2653 in
968 2604 1289 2669 temporibus
1344 2604 1491 2651 verbi
1553 2606 1874 2652 extrinsecus
1943 2604 2105 2651 auctis
2176 2613 2415 2654 accentus
2485 2607 2684 2657 recedit

166 2711 421 2767 qnantum
475 2709 649 2764 potest
701 2701 998 2762 longissime
1051 2700 1260 2767 ἐγένετο
1314 2700 1515 2766 ἔγεντο.
1581 2700 1755 2764 Atque
1808 2699 1924 2748 huic
1974 2701 2149 2748 tonosi
2202 2710 2357 2764 negat
2391 2717 2681 2768 repugnare

165 2792 532 2856 characterem,
571 2797 692 2861 quia
726 2811 829 2845 vox
863 2797 916 2843 in
947 2780 1008 2848 ἶῦ
1043 2798 1153 2846 exit
1187 2811 1294 2845 non
1331 2795 1386 2843 in
1422 2781 1491 2843 εἶ)
1526 2804 1583 2843 ut
1618 2792 1864 2859 εὐμελίω,
1902 2795 2039 2861 quod
2076 2796 2122 2846 si
2157 2804 2422 2847 accentum
2458 2799 2514 2848 in
2533 2807 2679 2849 ante-

163 2897 454 2962 penultima
490 2895 760 2957 acciperet,
797 2893 1032 2956 protinus
1064 2895 1350 2942 incurreret
1383 2892 1438 2939 in
1469 2890 1865 2941 similitudinem
1885 2892 2159 2942 atticorum
2182 2892 2367 2961 εὔγεω,
2405 2895 2676 2948 Μενέλεω.

163 2995 346 3059 Itaque
390 2991 551 3040 verba
596 2984 690 3036 illa
725 2986 823 3037 οὐκ
858 2987 969 3036 ἔστι
1006 2986 1065 3036 δὲ
1099 3016 1168 3026 -
1203 2985 1605 3052 φυλάττεσθαι,
1665 3002 1772 3035 non
1808 2996 1865 3036 ut
1900 2987 2250 3052 Goettlingius
2286 2992 2577 3055 suspicatur
2611 2994 2677 3043 de

162 3091 276 3139 Ace.
330 3094 441 3141 105.
496 3086 561 3135 ab
616 3085 720 3134 alio
768 3100 869 3149 quo
903 3092 1103 3132 attexta
1139 3083 1231 3132 sed
1268 3100 1381 3132 cnm
1416 3100 1473 3132 re
1510 3097 1764 3146 causaque
1800 3084 2073 3146 conjuncta
2107 3094 2241 3135 sunt.
2315 3084 2673 3141 certissimum

160 3200 286 3234 vero
338 3198 600 3247 syncopae
652 3180 1021 3230 documentum
1073 3187 1153 3228 est
1203 3180 1400 3230 modus.
1442 3177 1783 3248 imperativus
1833 3181 1988 3245 χρέο,
2049 3196 2151 3245 quo
2195 3180 2477 3244 scriptores
2513 3182 2674 3236 ionici

159 3290 376 3331 utuntur
420 3282 641 3345 saepius.
712 3276 819 3340 Nec
862 3276 1015 3327 aliter
1058 3276 1371 3327 conformati
1414 3284 1537 3328 sunt
1578 3275 1876 3342 imperativi
1910 3275 2675 3335 verbmmwircumhxoru·
