<?xml version="1.0" encoding="UTF-8"?>
<!DOCTYPE html PUBLIC "-//W3C//DTD XHTML 1.0 Transitional//EN"
    "http://www.w3.org/TR/xhtml1/DTD/xhtml1-transitional.dtd">
<html xmlns="http://www.w3.org/1999/xhtml" xml:lang="en" lang="en">
 <head>
  <title>
</title>
<meta http-equiv="Content-Type" content="text/html;charset=utf-8" />
  <meta name='ocr-system' content='tesseract 3.04.00' />
  <meta name='ocr-capabilities' content='ocr_page ocr_carea ocr_par ocr_line ocrx_word'/>
</head>
<body>
  <div class='ocr_page' id='page_1' title='image "./4630405_0019.png"; bbox 0 0 2960 3740; ppageno 0'>
   <div class='ocr_carea' id='block_1_1' title="bbox 1373 210 1538 307">
    <p class='ocr_par' dir='ltr' id='par_1_1' title="bbox 1373 210 1538 307">
     <span class='ocr_line' id='line_1_1' title="bbox 1373 210 1538 307; baseline -0.012 -26"><span class='ocrx_word' id='word_1_1' title='bbox 1373 300 1382 307; x_wconf 20' lang='grc' dir='ltr'><strong>Δ</strong></span> <span class='ocrx_word' id='word_1_2' title='bbox 1469 210 1538 279; x_wconf 78' lang='lat'><strong>13</strong></span> 
     </span>
    </p>
   </div>
   <div class='ocr_carea' id='block_1_2' title="bbox 186 355 2823 1195">
    <p class='ocr_par' dir='ltr' id='par_1_2' title="bbox 186 355 2823 1195">
     <span class='ocr_line' id='line_1_2' title="bbox 186 355 2762 430; baseline -0 -15"><span class='ocrx_word' id='word_1_3' title='bbox 186 357 203 377; x_wconf 91' lang='lat'><em>&#39;</em></span> <span class='ocrx_word' id='word_1_4' title='bbox 261 364 463 430; x_wconf 81' lang='grc' dir='ltr'><em>φοβέο,</em></span> <span class='ocrx_word' id='word_1_5' title='bbox 517 364 667 424; x_wconf 74' lang='grc' dir='ltr'><em>ἀκέο,</em></span> <span class='ocrx_word' id='word_1_6' title='bbox 719 362 921 429; x_wconf 70' lang='grc' dir='ltr'><em>ἐξηγέο,</em></span> <span class='ocrx_word' id='word_1_7' title='bbox 978 372 1197 424; x_wconf 83' lang='lat' dir='ltr'><strong>quorum</strong></span> <span class='ocrx_word' id='word_1_8' title='bbox 1234 358 1292 405; x_wconf 92' lang='lat' dir='ltr'><strong>in</strong></span> <span class='ocrx_word' id='word_1_9' title='bbox 1326 366 1540 407; x_wconf 75' lang='lat' dir='ltr'><strong>accentu</strong></span> <span class='ocrx_word' id='word_1_10' title='bbox 1571 355 1835 412; x_wconf 79' lang='lat' dir='ltr'><strong>Herodoti</strong></span> <span class='ocrx_word' id='word_1_11' title='bbox 1869 356 1991 405; x_wconf 81' lang='lat' dir='ltr'>libri</span> <span class='ocrx_word' id='word_1_12' title='bbox 2025 358 2329 422; x_wconf 87' lang='lat' dir='ltr'><strong>plerumque</strong></span> <span class='ocrx_word' id='word_1_13' title='bbox 2363 362 2679 415; x_wconf 78' lang='lat' dir='ltr'><strong>concordant</strong></span> <span class='ocrx_word' id='word_1_14' title='bbox 2714 380 2762 414; x_wconf 70' lang='grc' dir='ltr'><strong>ν.</strong></span> 
     </span>
     <span class='ocr_line' id='line_1_3' title="bbox 258 452 2765 526; baseline 0.001 -18"><span class='ocrx_word' id='word_1_15' title='bbox 258 461 483 511; x_wconf 83' lang='lat' dir='ltr'><strong>Bredov.</strong></span> <span class='ocrx_word' id='word_1_16' title='bbox 518 477 568 526; x_wconf 89' lang='lat' dir='ltr'><strong>p.</strong></span> <span class='ocrx_word' id='word_1_17' title='bbox 595 464 719 508; x_wconf 75' lang='grc'><strong>375.</strong></span> <span class='ocrx_word' id='word_1_18' title='bbox 787 458 889 508; x_wconf 87' lang='lat' dir='ltr'><strong>His</strong></span> <span class='ocrx_word' id='word_1_19' title='bbox 937 455 1108 507; x_wconf 85' lang='lat' dir='ltr'><strong>simile</strong></span> <span class='ocrx_word' id='word_1_20' title='bbox 1144 462 1225 503; x_wconf 89' lang='lat' dir='ltr'><strong>est</strong></span> <span class='ocrx_word' id='word_1_21' title='bbox 1259 452 1411 508; x_wconf 74' lang='grc' dir='ltr'><em>αἰδέο</em></span> <span class='ocrx_word' id='word_1_22' title='bbox 1446 453 1675 516; x_wconf 85' lang='lat' dir='ltr'><strong>Theogn.</strong></span> <span class='ocrx_word' id='word_1_23' title='bbox 1713 456 1860 504; x_wconf 84' lang='lat'><strong>1334.</strong></span> <span class='ocrx_word' id='word_1_24' title='bbox 1898 452 2152 501; x_wconf 74' lang='lat' dir='ltr'><strong>dissimile</strong></span> <span class='ocrx_word' id='word_1_25' title='bbox 2184 468 2309 502; x_wconf 90' lang='lat' dir='ltr'><strong>vero</strong></span> <span class='ocrx_word' id='word_1_26' title='bbox 2341 457 2471 523; x_wconf 79' lang='grc' dir='ltr'><em>ἣγεο</em></span> <span class='ocrx_word' id='word_1_27' title='bbox 2506 461 2564 509; x_wconf 89' lang='lat' dir='ltr'><strong>in</strong></span> <span class='ocrx_word' id='word_1_28' title='bbox 2595 458 2765 523; x_wconf 76' lang='lat' dir='ltr'><strong>Choe-</strong></span> 
     </span>
     <span class='ocr_line' id='line_1_4' title="bbox 255 547 2823 621; baseline -0.003 -16"><span class='ocrx_word' id='word_1_29' title='bbox 255 557 341 606; x_wconf 83' lang='lat' dir='ltr'><strong>rili</strong></span> <span class='ocrx_word' id='word_1_30' title='bbox 383 572 538 606; x_wconf 84' lang='lat' dir='ltr'><strong>versu</strong></span> <span class='ocrx_word' id='word_1_31' title='bbox 580 553 720 621; x_wconf 88' lang='lat' dir='ltr'><strong>apud</strong></span> <span class='ocrx_word' id='word_1_32' title='bbox 762 554 975 603; x_wconf 83' lang='lat' dir='ltr'><strong>Aristot.</strong></span> <span class='ocrx_word' id='word_1_33' title='bbox 1010 550 1158 600; x_wconf 84' lang='lat' dir='ltr'><strong>Rhet.</strong></span> <span class='ocrx_word' id='word_1_34' title='bbox 1193 550 1290 600; x_wconf 90' lang='lat'><strong>111.</strong></span> <span class='ocrx_word' id='word_1_35' title='bbox 1327 551 1416 610; x_wconf 87' lang='lat'><strong>14,</strong></span> <span class='ocrx_word' id='word_1_36' title='bbox 1466 566 1518 616; x_wconf 82' lang='lat' dir='ltr'><strong>p.</strong></span> <span class='ocrx_word' id='word_1_37' title='bbox 1553 552 1709 608; x_wconf 84' lang='lat'>1414,</span> <span class='ocrx_word' id='word_1_38' title='bbox 1764 551 1843 599; x_wconf 89' lang='grc'><strong>16.</strong></span> <span class='ocrx_word' id='word_1_39' title='bbox 1879 547 2114 598; x_wconf 85' lang='lat' dir='ltr'><strong>codicum</strong></span> <span class='ocrx_word' id='word_1_40' title='bbox 2169 553 2510 604; x_wconf 74' lang='lat' dir='ltr'><strong>consensione</strong></span> <span class='ocrx_word' id='word_1_41' title='bbox 2558 571 2764 611; x_wconf 69' lang='lat' dir='ltr'><strong>summa</strong></span> <span class='ocrx_word' id='word_1_42' title='bbox 2818 602 2823 607; x_wconf 56' lang='grc'>,</span> 
     </span>
     <span class='ocr_line' id='line_1_5' title="bbox 256 645 2763 715; baseline -0.002 -15"><span class='ocrx_word' id='word_1_43' title='bbox 256 655 540 712; x_wconf 88' lang='lat' dir='ltr'><strong>munitum,</strong></span> <span class='ocrx_word' id='word_1_44' title='bbox 591 651 834 715; x_wconf 80' lang='lat' dir='ltr'><strong>idemque</strong></span> <span class='ocrx_word' id='word_1_45' title='bbox 884 651 941 699; x_wconf 88' lang='lat' dir='ltr'><strong>in</strong></span> <span class='ocrx_word' id='word_1_46' title='bbox 993 646 1196 696; x_wconf 86' lang='lat' dir='ltr'><strong>duobus</strong></span> <span class='ocrx_word' id='word_1_47' title='bbox 1240 645 1584 710; x_wconf 82' lang='lat' dir='ltr'><strong>Anthologiae</strong></span> <span class='ocrx_word' id='word_1_48' title='bbox 1618 646 1744 695; x_wconf 86' lang='lat' dir='ltr'><strong>locis</strong></span> <span class='ocrx_word' id='word_1_49' title='bbox 1781 646 1871 698; x_wconf 86' lang='lat' dir='ltr'><strong>IX.</strong></span> <span class='ocrx_word' id='word_1_50' title='bbox 1907 649 2030 695; x_wconf 83' lang='grc'><strong>403.</strong></span> <span class='ocrx_word' id='word_1_51' title='bbox 2062 654 2114 695; x_wconf 90' lang='lat' dir='ltr'><strong>et</strong></span> <span class='ocrx_word' id='word_1_52' title='bbox 2150 645 2268 696; x_wconf 83' lang='lat' dir='ltr'><strong>X11.</strong></span> <span class='ocrx_word' id='word_1_53' title='bbox 2308 649 2419 697; x_wconf 89' lang='grc'><strong>119.</strong></span> <span class='ocrx_word' id='word_1_54' title='bbox 2458 650 2544 700; x_wconf 91' lang='lat' dir='ltr'><strong>ubi</strong></span> <span class='ocrx_word' id='word_1_55' title='bbox 2577 653 2763 704; x_wconf 83' lang='lat' dir='ltr'><strong>Jacob.</strong></span> 
     </span>
     <span class='ocr_line' id='line_1_6' title="bbox 258 741 2763 809; baseline -0.006 -11"><span class='ocrx_word' id='word_1_56' title='bbox 258 749 365 798; x_wconf 86' lang='lat' dir='ltr'><strong>sius</strong></span> <span class='ocrx_word' id='word_1_57' title='bbox 413 764 479 798; x_wconf 80' lang='lat' dir='ltr'><strong>ex</strong></span> <span class='ocrx_word' id='word_1_58' title='bbox 514 747 780 797; x_wconf 84' lang='lat' dir='ltr'><strong>Schaeferi</strong></span> <span class='ocrx_word' id='word_1_59' title='bbox 823 747 1029 796; x_wconf 84' lang='lat' dir='ltr'><strong>decreto</strong></span> <span class='ocrx_word' id='word_1_60' title='bbox 1061 742 1187 809; x_wconf 76' lang='grc' dir='ltr'><em>ἧγέο</em></span> <span class='ocrx_word' id='word_1_61' title='bbox 1226 741 1432 801; x_wconf 86' lang='lat' dir='ltr'><strong>edidit,</strong></span> <span class='ocrx_word' id='word_1_62' title='bbox 1469 751 1522 790; x_wconf 90' lang='lat' dir='ltr'><strong>et</strong></span> <span class='ocrx_word' id='word_1_63' title='bbox 1553 741 1763 809; x_wconf 75' lang='grc' dir='ltr'><em>ὖφάγεο</em></span> <span class='ocrx_word' id='word_1_64' title='bbox 1799 743 2016 791; x_wconf 86' lang='lat' dir='ltr'><strong>Theocr.</strong></span> <span class='ocrx_word' id='word_1_65' title='bbox 2052 742 2123 793; x_wconf 88' lang='lat'><strong>11.</strong></span> <span class='ocrx_word' id='word_1_66' title='bbox 2162 744 2274 791; x_wconf 89' lang='grc'><strong>101.</strong></span> <span class='ocrx_word' id='word_1_67' title='bbox 2309 743 2477 807; x_wconf 81' lang='grc' dir='ltr'><em>μίμεο</em></span> <span class='ocrx_word' id='word_1_68' title='bbox 2513 748 2567 798; x_wconf 66' lang='grc' dir='ltr'><strong>ὴ,</strong></span> <span class='ocrx_word' id='word_1_69' title='bbox 2602 752 2763 801; x_wconf 57' lang='grc' dir='ltr'><strong>γρηὶ.</strong></span> 
     </span>
     <span class='ocr_line' id='line_1_7' title="bbox 258 835 2763 907; baseline -0.003 -13"><span class='ocrx_word' id='word_1_70' title='bbox 258 844 353 895; x_wconf 87' lang='lat' dir='ltr'><strong>bus</strong></span> <span class='ocrx_word' id='word_1_71' title='bbox 404 842 666 894; x_wconf 86' lang='lat' dir='ltr'><strong>Simonidi</strong></span> <span class='ocrx_word' id='word_1_72' title='bbox 717 840 989 907; x_wconf 69' lang='lat' dir='ltr'><strong>adscriptis</strong></span> <span class='ocrx_word' id='word_1_73' title='bbox 1040 855 1103 905; x_wconf 71' lang='lat' dir='ltr'><strong>p.</strong></span> <span class='ocrx_word' id='word_1_74' title='bbox 1145 842 1226 894; x_wconf 83' lang='lat'><strong>57.</strong></span> <span class='ocrx_word' id='word_1_75' title='bbox 1279 836 1359 894; x_wconf 86' lang='lat' dir='ltr'><strong>ed.</strong></span> <span class='ocrx_word' id='word_1_76' title='bbox 1410 835 1736 889; x_wconf 86' lang='lat' dir='ltr'><strong>Schneidew.</strong></span> <span class='ocrx_word' id='word_1_77' title='bbox 1804 838 1906 891; x_wconf 87' lang='lat' dir='ltr'><strong>His</strong></span> <span class='ocrx_word' id='word_1_78' title='bbox 1959 853 2068 889; x_wconf 88' lang='lat' dir='ltr'><strong>non</strong></span> <span class='ocrx_word' id='word_1_79' title='bbox 2116 838 2338 889; x_wconf 86' lang='lat' dir='ltr'><strong>cliticam</strong></span> <span class='ocrx_word' id='word_1_80' title='bbox 2377 842 2610 895; x_wconf 85' lang='lat' dir='ltr'><strong>vocalem</strong></span> <span class='ocrx_word' id='word_1_81' title='bbox 2645 845 2763 894; x_wconf 80' lang='lat' dir='ltr'><strong>sub.</strong></span> 
     </span>
     <span class='ocr_line' id='line_1_8' title="bbox 258 915 2764 1004; baseline -0.003 -16"><span class='ocrx_word' id='word_1_82' title='bbox 258 938 464 989; x_wconf 85' lang='lat' dir='ltr'><strong>ductam</strong></span> <span class='ocrx_word' id='word_1_83' title='bbox 502 915 615 989; x_wconf 82' lang='lat' dir='ltr'><strong>esse</strong></span> <span class='ocrx_word' id='word_1_84' title='bbox 649 936 739 988; x_wconf 88' lang='lat' dir='ltr'><strong>sed</strong></span> <span class='ocrx_word' id='word_1_85' title='bbox 775 952 890 987; x_wconf 90' lang='lat' dir='ltr'><strong>eam</strong></span> <span class='ocrx_word' id='word_1_86' title='bbox 925 949 1063 1000; x_wconf 87' lang='lat' dir='ltr'><strong>quae</strong></span> <span class='ocrx_word' id='word_1_87' title='bbox 1097 934 1155 982; x_wconf 89' lang='lat' dir='ltr'><strong>in</strong></span> <span class='ocrx_word' id='word_1_88' title='bbox 1190 933 1480 985; x_wconf 83' lang='lat' dir='ltr'><strong>substantia</strong></span> <span class='ocrx_word' id='word_1_89' title='bbox 1514 933 1662 984; x_wconf 83' lang='lat' dir='ltr'><strong>verbi</strong></span> <span class='ocrx_word' id='word_1_90' title='bbox 1697 935 2020 995; x_wconf 75' lang='lat' dir='ltr'><strong>continetur,</strong></span> <span class='ocrx_word' id='word_1_91' title='bbox 2075 936 2402 999; x_wconf 77' lang='lat' dir='ltr'><strong>cognoscitur</strong></span> <span class='ocrx_word' id='word_1_92' title='bbox 2435 952 2504 989; x_wconf 84' lang='lat' dir='ltr'><strong>ex</strong></span> <span class='ocrx_word' id='word_1_93' title='bbox 2537 939 2764 1004; x_wconf 62' lang='lat' dir='ltr'><strong>impen-</strong></span> 
     </span>
     <span class='ocr_line' id='line_1_9' title="bbox 257 1026 2763 1109; baseline -0.003 -26"><span class='ocrx_word' id='word_1_94' title='bbox 257 1034 367 1083; x_wconf 85' lang='lat' dir='ltr'><strong>tivo</strong></span> <span class='ocrx_word' id='word_1_95' title='bbox 413 1035 597 1109; x_wconf 77' lang='lat' dir='ltr'><strong>tertiae</strong></span> <span class='ocrx_word' id='word_1_96' title='bbox 633 1031 1014 1097; x_wconf 82' lang='lat' dir='ltr'><strong>conjugationis</strong></span> <span class='ocrx_word' id='word_1_97' title='bbox 1052 1026 1370 1089; x_wconf 82' lang='grc' dir='ltr'><em>ἀνακοίνεο,</em></span> <span class='ocrx_word' id='word_1_98' title='bbox 1430 1044 1581 1093; x_wconf 88' lang='lat' dir='ltr'><strong>quem</strong></span> <span class='ocrx_word' id='word_1_99' title='bbox 1617 1029 1962 1086; x_wconf 85' lang='lat' dir='ltr'><strong>Buttmannus</strong></span> <span class='ocrx_word' id='word_1_100' title='bbox 2002 1029 2234 1081; x_wconf 89' lang='lat' dir='ltr'><strong>Gramm.</strong></span> <span class='ocrx_word' id='word_1_101' title='bbox 2270 1029 2316 1097; x_wconf 57' lang='grc' dir='ltr'><strong>ᾖ.</strong></span> <span class='ocrx_word' id='word_1_102' title='bbox 2356 1033 2480 1092; x_wconf 89' lang='grc'><strong>105,</strong></span> <span class='ocrx_word' id='word_1_103' title='bbox 2528 1037 2572 1081; x_wconf 89' lang='grc'><strong>8.</strong></span> <span class='ocrx_word' id='word_1_104' title='bbox 2609 1036 2763 1086; x_wconf 63' lang='lat' dir='ltr'><strong>tacite</strong></span> 
     </span>
     <span class='ocr_line' id='line_1_10' title="bbox 254 1124 2764 1195; baseline -0.002 -13"><span class='ocrx_word' id='word_1_105' title='bbox 254 1140 623 1195; x_wconf 85' lang='lat' dir='ltr'><strong>paroxytonon</strong></span> <span class='ocrx_word' id='word_1_106' title='bbox 673 1130 812 1181; x_wconf 87' lang='lat' dir='ltr'><strong>fecit.</strong></span> <span class='ocrx_word' id='word_1_107' title='bbox 880 1127 1019 1177; x_wconf 85' lang='lat' dir='ltr'><strong>Huic</strong></span> <span class='ocrx_word' id='word_1_108' title='bbox 1069 1141 1286 1175; x_wconf 90' lang='lat' dir='ltr'><strong>numero</strong></span> <span class='ocrx_word' id='word_1_109' title='bbox 1319 1124 1682 1176; x_wconf 86' lang='lat' dir='ltr'><strong>Herodianum</strong></span> <span class='ocrx_word' id='word_1_110' title='bbox 1734 1128 1890 1177; x_wconf 84' lang='lat' dir='ltr'><strong>etiam</strong></span> <span class='ocrx_word' id='word_1_111' title='bbox 1939 1127 2259 1181; x_wconf 85' lang='lat' dir='ltr'><strong>homericum</strong></span> <span class='ocrx_word' id='word_1_112' title='bbox 2318 1128 2474 1179; x_wconf 87' lang='grc' dir='ltr'><em>αἴδεο</em></span> <span class='ocrx_word' id='word_1_113' title='bbox 2512 1129 2764 1192; x_wconf 78' lang='lat' dir='ltr'><strong>adjecisse</strong></span> 
     </span>
    </p>
   </div>
   <div class='ocr_carea' id='block_1_3' title="bbox 1372 286 1652 299">
    <p class='ocr_par' dir='ltr' id='par_1_3' title="bbox 1372 286 1652 299">
     <span class='ocr_line' id='line_1_11' title="bbox 1372 286 1652 299; baseline 0 3441"><span class='ocrx_word' id='word_1_114' title='bbox 1372 286 1652 299; x_wconf 95' lang='lat' dir='ltr'><strong> </strong></span> 
     </span>
    </p>
   </div>
   <div class='ocr_carea' id='block_1_4' title="bbox 242 1221 2764 3210">
    <p class='ocr_par' dir='ltr' id='par_1_4' title="bbox 242 1221 2764 3210">
     <span class='ocr_line' id='line_1_12' title="bbox 255 1221 2764 1289; baseline -0.001 -15"><span class='ocrx_word' id='word_1_115' title='bbox 255 1240 365 1275; x_wconf 86' lang='lat' dir='ltr'><strong>non</strong></span> <span class='ocrx_word' id='word_1_116' title='bbox 414 1235 497 1276; x_wconf 79' lang='lat' dir='ltr'><strong>sat</strong></span> <span class='ocrx_word' id='word_1_117' title='bbox 545 1227 678 1276; x_wconf 86' lang='lat' dir='ltr'><strong>clare</strong></span> <span class='ocrx_word' id='word_1_118' title='bbox 720 1221 1008 1273; x_wconf 86' lang='lat' dir='ltr'><strong>ostendunt</strong></span> <span class='ocrx_word' id='word_1_119' title='bbox 1041 1230 1306 1287; x_wconf 82' lang='lat' dir='ltr'><strong>postrema</strong></span> <span class='ocrx_word' id='word_1_120' title='bbox 1339 1221 1479 1271; x_wconf 87' lang='lat' dir='ltr'><strong>illius</strong></span> <span class='ocrx_word' id='word_1_121' title='bbox 1515 1221 1697 1271; x_wconf 87' lang='lat' dir='ltr'><strong>scholii</strong></span> <span class='ocrx_word' id='word_1_122' title='bbox 1731 1222 1893 1273; x_wconf 80' lang='lat' dir='ltr'><strong>verba</strong></span> <span class='ocrx_word' id='word_1_123' title='bbox 1928 1223 2099 1273; x_wconf 85' lang='lat' dir='ltr'><strong>allatis</strong></span> <span class='ocrx_word' id='word_1_124' title='bbox 2132 1224 2404 1289; x_wconf 77' lang='lat' dir='ltr'><strong>proxima:</strong></span> <span class='ocrx_word' id='word_1_125' title='bbox 2476 1222 2537 1275; x_wconf 78' lang='grc' dir='ltr'><strong>τό</strong></span> <span class='ocrx_word' id='word_1_126' title='bbox 2571 1224 2764 1288; x_wconf 80' lang='grc' dir='ltr'><em>μέντοι</em></span> 
     </span>
     <span class='ocr_line' id='line_1_13' title="bbox 257 1315 2762 1386; baseline -0.002 -14"><span class='ocrx_word' id='word_1_127' title='bbox 257 1322 413 1373; x_wconf 84' lang='grc' dir='ltr'><em>αἴδεο</em></span> <span class='ocrx_word' id='word_1_128' title='bbox 448 1321 540 1373; x_wconf 79' lang='grc' dir='ltr'><strong>καὶ</strong></span> <span class='ocrx_word' id='word_1_129' title='bbox 573 1321 639 1372; x_wconf 85' lang='grc' dir='ltr'><em>τά</em></span> <span class='ocrx_word' id='word_1_130' title='bbox 675 1324 903 1371; x_wconf 85' lang='grc' dir='ltr'><em>τοιαῦτα</em></span> <span class='ocrx_word' id='word_1_131' title='bbox 934 1323 1027 1381; x_wconf 82' lang='grc' dir='ltr'><strong>τῆς</strong></span> <span class='ocrx_word' id='word_1_132' title='bbox 1062 1317 1268 1384; x_wconf 73' lang='grc' dir='ltr'><em>πρώτης</em></span> <span class='ocrx_word' id='word_1_133' title='bbox 1302 1316 1437 1366; x_wconf 86' lang='grc' dir='ltr'><em>ὄντα</em></span> <span class='ocrx_word' id='word_1_134' title='bbox 1475 1315 1728 1385; x_wconf 77' lang='grc' dir='ltr'><em>συζυγίας</em></span> <span class='ocrx_word' id='word_1_135' title='bbox 1763 1323 1876 1367; x_wconf 77' lang='grc' dir='ltr'><strong>τῶν</strong></span> <span class='ocrx_word' id='word_1_136' title='bbox 1912 1319 2342 1383; x_wconf 74' lang='grc' dir='ltr'><em>περισπωμένων</em></span> <span class='ocrx_word' id='word_1_137' title='bbox 2380 1320 2538 1385; x_wconf 83' lang='grc' dir='ltr'><em>ἄλλης</em></span> <span class='ocrx_word' id='word_1_138' title='bbox 2578 1316 2762 1386; x_wconf 73' lang='grc' dir='ltr'><em>ἔχεται</em></span> 
     </span>
     <span class='ocr_line' id='line_1_14' title="bbox 256 1411 2760 1485; baseline -0.001 -19"><span class='ocrx_word' id='word_1_139' title='bbox 256 1417 560 1485; x_wconf 72' lang='grc' dir='ltr'><em>ἀναλογίας.</em></span> <span class='ocrx_word' id='word_1_140' title='bbox 629 1417 734 1467; x_wconf 90' lang='lat' dir='ltr'><strong>Hic</strong></span> <span class='ocrx_word' id='word_1_141' title='bbox 775 1417 819 1464; x_wconf 89' lang='lat' dir='ltr'><strong>si</strong></span> <span class='ocrx_word' id='word_1_142' title='bbox 863 1414 1194 1478; x_wconf 87' lang='lat' dir='ltr'><strong>negationem</strong></span> <span class='ocrx_word' id='word_1_143' title='bbox 1238 1412 1517 1464; x_wconf 82' lang='lat' dir='ltr'><strong>inserimus</strong></span> <span class='ocrx_word' id='word_1_144' title='bbox 1553 1411 1616 1463; x_wconf 80' lang='grc' dir='ltr'><strong>οὐ</strong></span> <span class='ocrx_word' id='word_1_145' title='bbox 1652 1417 1744 1476; x_wconf 81' lang='grc' dir='ltr'><strong>τῆς</strong></span> <span class='ocrx_word' id='word_1_146' title='bbox 1778 1412 2016 1477; x_wconf 77' lang='grc' dir='ltr'><em>πρώτης,</em></span> <span class='ocrx_word' id='word_1_147' title='bbox 2073 1415 2162 1462; x_wconf 87' lang='lat' dir='ltr'><strong>ille</strong></span> <span class='ocrx_word' id='word_1_148' title='bbox 2197 1415 2262 1463; x_wconf 92' lang='lat' dir='ltr'><strong>de</strong></span> <span class='ocrx_word' id='word_1_149' title='bbox 2298 1417 2460 1466; x_wconf 85' lang='lat' dir='ltr'><strong>verbo</strong></span> <span class='ocrx_word' id='word_1_150' title='bbox 2497 1417 2760 1480; x_wconf 82' lang='lat' dir='ltr'><strong>barytono</strong></span> 
     </span>
     <span class='ocr_line' id='line_1_15' title="bbox 255 1506 2762 1577; baseline -0.004 -13"><span class='ocrx_word' id='word_1_151' title='bbox 255 1514 491 1577; x_wconf 84' lang='grc' dir='ltr'><em>αἴδομαι</em></span> <span class='ocrx_word' id='word_1_152' title='bbox 521 1514 766 1577; x_wconf 75' lang='lat' dir='ltr'><strong>loquutus</strong></span> <span class='ocrx_word' id='word_1_153' title='bbox 801 1519 894 1559; x_wconf 88' lang='lat' dir='ltr'><strong>est.</strong></span> <span class='ocrx_word' id='word_1_154' title='bbox 966 1509 1058 1563; x_wconf 87' lang='lat' dir='ltr'><strong>Sin</strong></span> <span class='ocrx_word' id='word_1_155' title='bbox 1092 1508 1157 1556; x_wconf 88' lang='lat' dir='ltr'><strong>de</strong></span> <span class='ocrx_word' id='word_1_156' title='bbox 1193 1506 1467 1569; x_wconf 80' lang='grc' dir='ltr'><em>αἰδέομαι,</em></span> <span class='ocrx_word' id='word_1_157' title='bbox 1501 1506 1556 1554; x_wconf 93' lang='lat' dir='ltr'><strong>id</strong></span> <span class='ocrx_word' id='word_1_158' title='bbox 1591 1517 1745 1571; x_wconf 81' lang='lat' dir='ltr'><strong>negat</strong></span> <span class='ocrx_word' id='word_1_159' title='bbox 1776 1525 1891 1557; x_wconf 88' lang='lat' dir='ltr'><strong>cum</strong></span> <span class='ocrx_word' id='word_1_160' title='bbox 1927 1507 2155 1574; x_wconf 69' lang='grc' dir='ltr'><em>κλέομαι</em></span> <span class='ocrx_word' id='word_1_161' title='bbox 2184 1511 2424 1561; x_wconf 84' lang='lat' dir='ltr'><strong>omnibus</strong></span> <span class='ocrx_word' id='word_1_162' title='bbox 2460 1511 2616 1564; x_wconf 73' lang='lat' dir='ltr'><strong>rebus</strong></span> <span class='ocrx_word' id='word_1_163' title='bbox 2638 1529 2762 1567; x_wconf 68' lang='lat' dir='ltr'><strong>con-</strong></span> 
     </span>
     <span class='ocr_line' id='line_1_16' title="bbox 252 1600 2758 1670; baseline -0.002 -14"><span class='ocrx_word' id='word_1_164' title='bbox 252 1609 455 1667; x_wconf 87' lang='lat' dir='ltr'><strong>venire;</strong></span> <span class='ocrx_word' id='word_1_165' title='bbox 525 1607 639 1655; x_wconf 89' lang='lat' dir='ltr'><strong>hoc</strong></span> <span class='ocrx_word' id='word_1_166' title='bbox 663 1608 908 1655; x_wconf 89' lang='lat' dir='ltr'><strong>nimirum</strong></span> <span class='ocrx_word' id='word_1_167' title='bbox 947 1613 1026 1651; x_wconf 89' lang='lat' dir='ltr'><strong>est</strong></span> <span class='ocrx_word' id='word_1_168' title='bbox 1061 1609 1239 1650; x_wconf 85' lang='lat' dir='ltr'><strong>sextae</strong></span> <span class='ocrx_word' id='word_1_169' title='bbox 1274 1600 1650 1661; x_wconf 89' lang='lat' dir='ltr'><strong>barytonorum</strong></span> <span class='ocrx_word' id='word_1_170' title='bbox 1689 1603 1889 1659; x_wconf 88' lang='lat' dir='ltr'><strong>classis,</strong></span> <span class='ocrx_word' id='word_1_171' title='bbox 1942 1603 2071 1649; x_wconf 87' lang='lat' dir='ltr'><strong>illud</strong></span> <span class='ocrx_word' id='word_1_172' title='bbox 2106 1605 2303 1666; x_wconf 87' lang='lat' dir='ltr'><strong>primae</strong></span> <span class='ocrx_word' id='word_1_173' title='bbox 2333 1609 2758 1670; x_wconf 77' lang='lat' dir='ltr'><strong>perispomenon‚</strong></span> 
     </span>
     <span class='ocr_line' id='line_1_17' title="bbox 251 1695 2759 1766; baseline -0.004 -11"><span class='ocrx_word' id='word_1_174' title='bbox 251 1702 332 1754; x_wconf 86' lang='lat' dir='ltr'><strong>Ad</strong></span> <span class='ocrx_word' id='word_1_175' title='bbox 368 1702 664 1766; x_wconf 90' lang='lat' dir='ltr'><strong>barytonon</strong></span> <span class='ocrx_word' id='word_1_176' title='bbox 700 1700 928 1766; x_wconf 88' lang='lat' dir='ltr'><strong>pertinet</strong></span> <span class='ocrx_word' id='word_1_177' title='bbox 964 1695 1120 1747; x_wconf 81' lang='grc' dir='ltr'><em>αἴδεο</em></span> <span class='ocrx_word' id='word_1_178' title='bbox 1158 1702 1237 1744; x_wconf 88' lang='lat' dir='ltr'><strong>ter</strong></span> <span class='ocrx_word' id='word_1_179' title='bbox 1267 1696 1544 1760; x_wconf 89' lang='lat' dir='ltr'><strong>repetitum</strong></span> <span class='ocrx_word' id='word_1_180' title='bbox 1581 1696 1693 1745; x_wconf 90' lang='lat' dir='ltr'><strong>sine</strong></span> <span class='ocrx_word' id='word_1_181' title='bbox 1729 1696 1836 1745; x_wconf 92' lang='lat' dir='ltr'><strong>ulla</strong></span> <span class='ocrx_word' id='word_1_182' title='bbox 1870 1696 2120 1745; x_wconf 89' lang='lat' dir='ltr'><strong>librorum</strong></span> <span class='ocrx_word' id='word_1_183' title='bbox 2159 1697 2527 1766; x_wconf 86' lang='lat' dir='ltr'><strong>discrepantia,</strong></span> <span class='ocrx_word' id='word_1_184' title='bbox 2583 1703 2649 1752; x_wconf 86' lang='lat' dir='ltr'><strong>ad</strong></span> <span class='ocrx_word' id='word_1_185' title='bbox 2686 1705 2759 1752; x_wconf 89' lang='lat' dir='ltr'><strong>al.</strong></span> 
     </span>
     <span class='ocr_line' id='line_1_18' title="bbox 251 1775 2753 1859; baseline -0.006 -12"><span class='ocrx_word' id='word_1_186' title='bbox 251 1809 418 1849; x_wconf 90' lang='lat' dir='ltr'><strong>terum</strong></span> <span class='ocrx_word' id='word_1_187' title='bbox 473 1795 651 1847; x_wconf 81' lang='grc' dir='ltr'><em>αἰδεῖο</em></span> <span class='ocrx_word' id='word_1_188' title='bbox 706 1794 800 1844; x_wconf 90' lang='lat' dir='ltr'><strong>Od.</strong></span> <span class='ocrx_word' id='word_1_189' title='bbox 853 1793 942 1843; x_wconf 90' lang='lat' dir='ltr'><strong>IX.</strong></span> <span class='ocrx_word' id='word_1_190' title='bbox 990 1796 1104 1841; x_wconf 83' lang='lat'><strong>269.</strong></span> <span class='ocrx_word' id='word_1_191' title='bbox 1157 1805 1223 1839; x_wconf 83' lang='lat' dir='ltr'><strong>ex</strong></span> <span class='ocrx_word' id='word_1_192' title='bbox 1276 1789 1454 1840; x_wconf 79' lang='grc' dir='ltr'><em>αἰδέεο</em></span> <span class='ocrx_word' id='word_1_193' title='bbox 1509 1799 1825 1842; x_wconf 85' lang='lat' dir='ltr'><strong>contractum</strong></span> <span class='ocrx_word' id='word_1_194' title='bbox 1879 1775 1935 1839; x_wconf 83' lang='lat' dir='ltr'><strong>ut</strong></span> <span class='ocrx_word' id='word_1_195' title='bbox 1984 1794 2219 1856; x_wconf 80' lang='grc' dir='ltr'><em>μυθεῖαι</em></span> <span class='ocrx_word' id='word_1_196' title='bbox 2254 1804 2306 1842; x_wconf 81' lang='lat' dir='ltr'><strong>et</strong></span> <span class='ocrx_word' id='word_1_197' title='bbox 2340 1798 2555 1846; x_wconf 72' lang='lat' dir='ltr'><strong>nomina</strong></span> <span class='ocrx_word' id='word_1_198' title='bbox 2590 1804 2753 1859; x_wconf 65' lang='grc' dir='ltr'><em>κχεῖα</em></span> 
     </span>
     <span class='ocr_line' id='line_1_19' title="bbox 251 1884 2756 1961; baseline -0.004 -16"><span class='ocrx_word' id='word_1_199' title='bbox 251 1894 514 1961; x_wconf 79' lang='grc' dir='ltr'><em>ἐυῤῥεῖος,</em></span> <span class='ocrx_word' id='word_1_200' title='bbox 570 1884 864 1957; x_wconf 78' lang='lat' dir='ltr'><strong>quanquam</strong></span> <span class='ocrx_word' id='word_1_201' title='bbox 903 1887 1204 1938; x_wconf 87' lang='lat' dir='ltr'><strong>Eustathius</strong></span> <span class='ocrx_word' id='word_1_202' title='bbox 1245 1887 1399 1947; x_wconf 88' lang='lat'><strong>1361,</strong></span> <span class='ocrx_word' id='word_1_203' title='bbox 1455 1890 1533 1936; x_wconf 88' lang='grc'><strong>34.</strong></span> <span class='ocrx_word' id='word_1_204' title='bbox 1568 1887 1623 1937; x_wconf 91' lang='lat' dir='ltr'><strong>id</strong></span> <span class='ocrx_word' id='word_1_205' title='bbox 1659 1904 1863 1954; x_wconf 91' lang='lat' dir='ltr'><strong>quoque</strong></span> <span class='ocrx_word' id='word_1_206' title='bbox 1901 1903 1965 1936; x_wconf 85' lang='lat' dir='ltr'><strong>cx</strong></span> <span class='ocrx_word' id='word_1_207' title='bbox 2003 1887 2156 1938; x_wconf 89' lang='grc' dir='ltr'><em>αἴδεο</em></span> <span class='ocrx_word' id='word_1_208' title='bbox 2194 1890 2386 1959; x_wconf 77' lang='lat' dir='ltr'><strong>factum</strong></span> <span class='ocrx_word' id='word_1_209' title='bbox 2422 1903 2572 1958; x_wconf 91' lang='lat' dir='ltr'><strong>putat</strong></span> <span class='ocrx_word' id='word_1_210' title='bbox 2607 1913 2756 1945; x_wconf 78' lang='grc' dir='ltr'><em>επεν-</em></span> 
     </span>
     <span class='ocr_line' id='line_1_20' title="bbox 249 1977 2756 2057; baseline -0.003 -16"><span class='ocrx_word' id='word_1_211' title='bbox 249 1992 405 2041; x_wconf 75' lang='grc' dir='ltr'><em>θέσει</em></span> <span class='ocrx_word' id='word_1_212' title='bbox 438 1995 537 2039; x_wconf 84' lang='grc' dir='ltr'><strong>τοῦ</strong></span> <span class='ocrx_word' id='word_1_213' title='bbox 574 1977 607 2037; x_wconf 74' lang='grc' dir='ltr'><em>ἶ</em></span> <span class='ocrx_word' id='word_1_214' title='bbox 629 1985 719 2039; x_wconf 77' lang='grc' dir='ltr'><strong>καὶ</strong></span> <span class='ocrx_word' id='word_1_215' title='bbox 753 1986 1156 2049; x_wconf 74' lang='grc' dir='ltr'><em>καταβιβασμῷ</em></span> <span class='ocrx_word' id='word_1_216' title='bbox 1190 1989 1290 2033; x_wconf 80' lang='grc' dir='ltr'><strong>τοῦ</strong></span> <span class='ocrx_word' id='word_1_217' title='bbox 1324 1980 1515 2043; x_wconf 83' lang='grc' dir='ltr'><em>τόνου,</em></span> <span class='ocrx_word' id='word_1_218' title='bbox 1571 1985 1660 2048; x_wconf 85' lang='lat' dir='ltr'><strong>qui</strong></span> <span class='ocrx_word' id='word_1_219' title='bbox 1696 1984 2077 2035; x_wconf 88' lang='lat' dir='ltr'><strong>catabibasmus</strong></span> <span class='ocrx_word' id='word_1_220' title='bbox 2113 2002 2220 2036; x_wconf 90' lang='lat' dir='ltr'><strong>non</strong></span> <span class='ocrx_word' id='word_1_221' title='bbox 2253 1999 2469 2053; x_wconf 86' lang='lat' dir='ltr'><strong>apparet</strong></span> <span class='ocrx_word' id='word_1_222' title='bbox 2501 1992 2555 2039; x_wconf 92' lang='lat' dir='ltr'><strong>in</strong></span> <span class='ocrx_word' id='word_1_223' title='bbox 2590 1993 2756 2057; x_wconf 85' lang='lat' dir='ltr'><strong>impe-</strong></span> 
     </span>
     <span class='ocr_line' id='line_1_21' title="bbox 248 2077 2755 2151; baseline -0.002 -15"><span class='ocrx_word' id='word_1_224' title='bbox 248 2090 417 2136; x_wconf 86' lang='lat' dir='ltr'><strong>rativo</strong></span> <span class='ocrx_word' id='word_1_225' title='bbox 471 2087 609 2150; x_wconf 78' lang='grc' dir='ltr'><em>ἔρειο</em></span> <span class='ocrx_word' id='word_1_226' title='bbox 664 2083 724 2131; x_wconf 90' lang='lat' dir='ltr'><strong>Il.</strong></span> <span class='ocrx_word' id='word_1_227' title='bbox 777 2080 868 2129; x_wconf 87' lang='lat' dir='ltr'><strong>XI.</strong></span> <span class='ocrx_word' id='word_1_228' title='bbox 922 2081 1034 2127; x_wconf 89' lang='lat'>611.</span> <span class='ocrx_word' id='word_1_229' title='bbox 1094 2079 1197 2127; x_wconf 89' lang='lat' dir='ltr'><strong>nisi</strong></span> <span class='ocrx_word' id='word_1_230' title='bbox 1248 2079 1304 2128; x_wconf 90' lang='lat' dir='ltr'><strong>in</strong></span> <span class='ocrx_word' id='word_1_231' title='bbox 1342 2079 1543 2144; x_wconf 89' lang='lat' dir='ltr'><strong>aliquot</strong></span> <span class='ocrx_word' id='word_1_232' title='bbox 1578 2077 1726 2128; x_wconf 91' lang='lat' dir='ltr'><strong>codd.</strong></span> <span class='ocrx_word' id='word_1_233' title='bbox 1763 2080 2006 2144; x_wconf 86' lang='lat' dir='ltr'><strong>antiquis.</strong></span> <span class='ocrx_word' id='word_1_234' title='bbox 2109 2082 2166 2131; x_wconf 93' lang='lat' dir='ltr'><strong>In</strong></span> <span class='ocrx_word' id='word_1_235' title='bbox 2209 2092 2418 2132; x_wconf 90' lang='lat' dir='ltr'><strong>accentu</strong></span> <span class='ocrx_word' id='word_1_236' title='bbox 2452 2085 2755 2151; x_wconf 82' lang='lat' dir='ltr'><strong>imperativi</strong></span> 
     </span>
     <span class='ocr_line' id='line_1_22' title="bbox 249 2178 2759 2246; baseline -0 -13"><span class='ocrx_word' id='word_1_237' title='bbox 249 2181 508 2246; x_wconf 78' lang='grc' dir='ltr'><em>ἀποαίρεο</em></span> <span class='ocrx_word' id='word_1_238' title='bbox 557 2179 616 2226; x_wconf 85' lang='grc' dir='ltr'><strong>ΙΙ.</strong></span> <span class='ocrx_word' id='word_1_239' title='bbox 663 2178 705 2231; x_wconf 83' lang='grc' dir='ltr'><strong>Ῑ.</strong></span> <span class='ocrx_word' id='word_1_240' title='bbox 741 2180 854 2224; x_wconf 90' lang='grc'><strong>275.</strong></span> <span class='ocrx_word' id='word_1_241' title='bbox 883 2190 990 2221; x_wconf 89' lang='lat' dir='ltr'><strong>non</strong></span> <span class='ocrx_word' id='word_1_242' title='bbox 1024 2189 1206 2221; x_wconf 88' lang='lat' dir='ltr'><strong>omnes</strong></span> <span class='ocrx_word' id='word_1_243' title='bbox 1242 2178 1566 2238; x_wconf 87' lang='lat' dir='ltr'><strong>conspirasse</strong></span> <span class='ocrx_word' id='word_1_244' title='bbox 1603 2185 1818 2238; x_wconf 87' lang='lat' dir='ltr'><strong>apparet</strong></span> <span class='ocrx_word' id='word_1_245' title='bbox 1855 2192 1919 2224; x_wconf 83' lang='lat' dir='ltr'><strong>ex</strong></span> <span class='ocrx_word' id='word_1_246' title='bbox 1956 2179 2069 2228; x_wconf 88' lang='grc' dir='ltr'><strong>ΕΜ.</strong></span> <span class='ocrx_word' id='word_1_247' title='bbox 2108 2182 2227 2236; x_wconf 85' lang='grc'><strong>126,</strong></span> <span class='ocrx_word' id='word_1_248' title='bbox 2283 2182 2359 2226; x_wconf 88' lang='grc'><strong>18.</strong></span> <span class='ocrx_word' id='word_1_249' title='bbox 2398 2178 2502 2228; x_wconf 79' lang='grc' dir='ltr'><strong>ἀπὸ</strong></span> <span class='ocrx_word' id='word_1_250' title='bbox 2541 2189 2640 2231; x_wconf 82' lang='grc' dir='ltr'><strong>τοῦ</strong></span> <span class='ocrx_word' id='word_1_251' title='bbox 2679 2185 2759 2232; x_wconf 74' lang='grc' dir='ltr'><strong>αἱ·</strong></span> 
     </span>
     <span class='ocr_line' id='line_1_23' title="bbox 249 2269 2758 2343; baseline -0.002 -15"><span class='ocrx_word' id='word_1_252' title='bbox 249 2284 451 2343; x_wconf 83' lang='grc' dir='ltr'><em>ροῦμαι</em></span> <span class='ocrx_word' id='word_1_253' title='bbox 495 2274 633 2326; x_wconf 84' lang='grc' dir='ltr'><strong>κατά</strong></span> <span class='ocrx_word' id='word_1_254' title='bbox 681 2270 936 2320; x_wconf 79' lang='grc' dir='ltr'><em>διάλυσιν</em></span> <span class='ocrx_word' id='word_1_255' title='bbox 983 2270 1133 2332; x_wconf 77' lang='grc' dir='ltr'><em>αἵρεο</em></span> <span class='ocrx_word' id='word_1_256' title='bbox 1179 2281 1230 2317; x_wconf 88' lang='lat' dir='ltr'><strong>et</strong></span> <span class='ocrx_word' id='word_1_257' title='bbox 1276 2273 1444 2334; x_wconf 82' lang='lat' dir='ltr'><strong>Epim.</strong></span> <span class='ocrx_word' id='word_1_258' title='bbox 1493 2272 1530 2317; x_wconf 91' lang='lat' dir='ltr'><strong>I.</strong></span> <span class='ocrx_word' id='word_1_259' title='bbox 1568 2276 1646 2318; x_wconf 84' lang='lat'><strong>24.</strong></span> <span class='ocrx_word' id='word_1_260' title='bbox 1686 2269 1790 2318; x_wconf 79' lang='grc' dir='ltr'><strong>ἀπδ</strong></span> <span class='ocrx_word' id='word_1_261' title='bbox 1827 2278 1925 2319; x_wconf 79' lang='grc' dir='ltr'><strong>τοῦ</strong></span> <span class='ocrx_word' id='word_1_262' title='bbox 1957 2273 2093 2336; x_wconf 85' lang='grc' dir='ltr'><em>αἴρω</em></span> <span class='ocrx_word' id='word_1_263' title='bbox 2132 2277 2253 2337; x_wconf 89' lang='lat' dir='ltr'><strong>(scr.</strong></span> <span class='ocrx_word' id='word_1_264' title='bbox 2293 2274 2461 2340; x_wconf 78' lang='grc' dir='ltr'><em>αἱροῦ)</em></span> <span class='ocrx_word' id='word_1_265' title='bbox 2498 2277 2561 2325; x_wconf 76' lang='grc' dir='ltr'><strong>τὸ</strong></span> <span class='ocrx_word' id='word_1_266' title='bbox 2600 2298 2758 2342; x_wconf 79' lang='grc' dir='ltr'><em>προς-</em></span> 
     </span>
     <span class='ocr_line' id='line_1_24' title="bbox 247 2362 2757 2435; baseline -0.001 -10"><span class='ocrx_word' id='word_1_267' title='bbox 247 2372 500 2424; x_wconf 79' lang='grc' dir='ltr'><em>τακτικόν</em></span> <span class='ocrx_word' id='word_1_268' title='bbox 550 2370 708 2433; x_wconf 80' lang='grc' dir='ltr'><em>αἴρου</em></span> <span class='ocrx_word' id='word_1_269' title='bbox 745 2364 972 2432; x_wconf 84' lang='grc' dir='ltr'><em>(αἱροῦ)</em></span> <span class='ocrx_word' id='word_1_270' title='bbox 1006 2362 1097 2412; x_wconf 81' lang='grc' dir='ltr'><strong>καὶ</strong></span> <span class='ocrx_word' id='word_1_271' title='bbox 1136 2362 1271 2412; x_wconf 87' lang='grc' dir='ltr'><strong>κατά</strong></span> <span class='ocrx_word' id='word_1_272' title='bbox 1310 2364 1568 2415; x_wconf 79' lang='grc' dir='ltr'><em>διάλυσιν</em></span> <span class='ocrx_word' id='word_1_273' title='bbox 1606 2364 1755 2426; x_wconf 88' lang='grc' dir='ltr'><em>αἴρεο</em></span> <span class='ocrx_word' id='word_1_274' title='bbox 1793 2362 1883 2413; x_wconf 82' lang='grc' dir='ltr'><strong>καὶ</strong></span> <span class='ocrx_word' id='word_1_275' title='bbox 1922 2365 2199 2429; x_wconf 87' lang='grc' dir='ltr'><em>ἀποαίρεο.</em></span> <span class='ocrx_word' id='word_1_276' title='bbox 2289 2370 2360 2418; x_wconf 90' lang='lat' dir='ltr'><strong>Hi</strong></span> <span class='ocrx_word' id='word_1_277' title='bbox 2398 2374 2522 2435; x_wconf 89' lang='lat' dir='ltr'><strong>quia</strong></span> <span class='ocrx_word' id='word_1_278' title='bbox 2557 2373 2757 2434; x_wconf 88' lang='grc' dir='ltr'><em>λίσσεο,</em></span> 
     </span>
     <span class='ocr_line' id='line_1_25' title="bbox 248 2458 2757 2532; baseline -0.003 -14"><span class='ocrx_word' id='word_1_279' title='bbox 248 2473 291 2518; x_wconf 87' lang='lat' dir='ltr'><strong>si</strong></span> <span class='ocrx_word' id='word_1_280' title='bbox 328 2485 439 2517; x_wconf 91' lang='lat' dir='ltr'><strong>cum</strong></span> <span class='ocrx_word' id='word_1_281' title='bbox 478 2458 668 2514; x_wconf 80' lang='lat' dir='ltr'><strong>usitato</strong></span> <span class='ocrx_word' id='word_1_282' title='bbox 705 2461 896 2511; x_wconf 79' lang='grc' dir='ltr'><em>λίσσου</em></span> <span class='ocrx_word' id='word_1_283' title='bbox 933 2460 1223 2517; x_wconf 83' lang='lat' dir='ltr'><strong>confertur,</strong></span> <span class='ocrx_word' id='word_1_284' title='bbox 1270 2459 1509 2507; x_wconf 84' lang='lat' dir='ltr'><strong>dissoluti</strong></span> <span class='ocrx_word' id='word_1_285' title='bbox 1543 2461 1764 2522; x_wconf 88' lang='lat' dir='ltr'><strong>speciem</strong></span> <span class='ocrx_word' id='word_1_286' title='bbox 1805 2462 1981 2520; x_wconf 80' lang='lat' dir='ltr'><strong>offert,</strong></span> <span class='ocrx_word' id='word_1_287' title='bbox 2027 2463 2160 2511; x_wconf 86' lang='lat' dir='ltr'><strong>hanc</strong></span> <span class='ocrx_word' id='word_1_288' title='bbox 2197 2464 2429 2526; x_wconf 87' lang='lat' dir='ltr'><strong>dialysin</strong></span> <span class='ocrx_word' id='word_1_289' title='bbox 2461 2468 2757 2532; x_wconf 75' lang='lat' dir='ltr'><strong>improvide</strong></span> 
     </span>
     <span class='ocr_line' id='line_1_26' title="bbox 247 2551 2756 2628; baseline -0.006 -14"><span class='ocrx_word' id='word_1_290' title='bbox 247 2564 314 2614; x_wconf 90' lang='lat' dir='ltr'><strong>ad</strong></span> <span class='ocrx_word' id='word_1_291' title='bbox 350 2564 755 2628; x_wconf 89' lang='lat' dir='ltr'><strong>perispomenon</strong></span> <span class='ocrx_word' id='word_1_292' title='bbox 793 2553 952 2620; x_wconf 78' lang='grc' dir='ltr'><em>αἱροῦ</em></span> <span class='ocrx_word' id='word_1_293' title='bbox 986 2553 1375 2603; x_wconf 86' lang='lat' dir='ltr'><strong>transtulerunt.</strong></span> <span class='ocrx_word' id='word_1_294' title='bbox 1442 2551 1574 2602; x_wconf 90' lang='lat' dir='ltr'><strong>Nam</strong></span> <span class='ocrx_word' id='word_1_295' title='bbox 1609 2554 1745 2618; x_wconf 86' lang='lat' dir='ltr'><strong>quod</strong></span> <span class='ocrx_word' id='word_1_296' title='bbox 1767 2555 2097 2607; x_wconf 83' lang='lat' dir='ltr'><strong>Thierschius</strong></span> <span class='ocrx_word' id='word_1_297' title='bbox 2134 2560 2426 2623; x_wconf 87' lang='lat' dir='ltr'><strong>suspicatur</strong></span> <span class='ocrx_word' id='word_1_298' title='bbox 2451 2563 2505 2610; x_wconf 80' lang='lat' dir='ltr'><strong>in</strong></span> <span class='ocrx_word' id='word_1_299' title='bbox 2528 2562 2756 2615; x_wconf 56' lang='lat' dir='ltr'><strong>Gramm,</strong></span> 
     </span>
     <span class='ocr_line' id='line_1_27' title="bbox 245 2646 2756 2727; baseline -0.001 -17"><span class='ocrx_word' id='word_1_300' title='bbox 245 2661 288 2710; x_wconf 92' lang='grc' dir='ltr'><strong>Ι.</strong></span> <span class='ocrx_word' id='word_1_301' title='bbox 341 2661 453 2708; x_wconf 89' lang='grc'><strong>221.</strong></span> <span class='ocrx_word' id='word_1_302' title='bbox 507 2673 558 2705; x_wconf 88' lang='lat' dir='ltr'><strong>n.</strong></span> <span class='ocrx_word' id='word_1_303' title='bbox 614 2660 701 2714; x_wconf 91' lang='grc'><strong>78,</strong></span> <span class='ocrx_word' id='word_1_304' title='bbox 750 2653 905 2715; x_wconf 85' lang='lat' dir='ltr'><strong>hujus</strong></span> <span class='ocrx_word' id='word_1_305' title='bbox 951 2666 1157 2715; x_wconf 87' lang='lat' dir='ltr'><strong>quoquc</strong></span> <span class='ocrx_word' id='word_1_306' title='bbox 1192 2647 1337 2697; x_wconf 80' lang='lat' dir='ltr'><strong>verbi</strong></span> <span class='ocrx_word' id='word_1_307' title='bbox 1374 2646 1627 2712; x_wconf 90' lang='lat' dir='ltr'><strong>duplicem</strong></span> <span class='ocrx_word' id='word_1_308' title='bbox 1667 2650 1829 2700; x_wconf 86' lang='lat' dir='ltr'><strong>fuisse</strong></span> <span class='ocrx_word' id='word_1_309' title='bbox 1863 2655 2288 2704; x_wconf 86' lang='lat' dir='ltr'><strong>terminationem</strong></span> <span class='ocrx_word' id='word_1_310' title='bbox 2322 2655 2484 2720; x_wconf 86' lang='grc' dir='ltr'><em>αἱρέω</em></span> <span class='ocrx_word' id='word_1_311' title='bbox 2522 2670 2573 2708; x_wconf 89' lang='lat' dir='ltr'><strong>et</strong></span> <span class='ocrx_word' id='word_1_312' title='bbox 2603 2661 2756 2727; x_wconf 72' lang='grc' dir='ltr'><em>αἴρω,</em></span> 
     </span>
     <span class='ocr_line' id='line_1_28' title="bbox 246 2744 2755 2817; baseline -0 -13"><span class='ocrx_word' id='word_1_313' title='bbox 246 2754 343 2805; x_wconf 88' lang='lat' dir='ltr'><strong>etsi</strong></span> <span class='ocrx_word' id='word_1_314' title='bbox 395 2748 781 2817; x_wconf 85' lang='lat' dir='ltr'><strong>quodammodo</strong></span> <span class='ocrx_word' id='word_1_315' title='bbox 835 2748 1173 2795; x_wconf 85' lang='lat' dir='ltr'><strong>confirmatur</strong></span> <span class='ocrx_word' id='word_1_316' title='bbox 1217 2744 1465 2806; x_wconf 86' lang='lat' dir='ltr'><strong>contagiis</strong></span> <span class='ocrx_word' id='word_1_317' title='bbox 1518 2746 1793 2794; x_wconf 86' lang='lat' dir='ltr'><strong>verborum</strong></span> <span class='ocrx_word' id='word_1_318' title='bbox 1850 2748 1988 2811; x_wconf 91' lang='grc' dir='ltr'><em>αἴρω</em></span> <span class='ocrx_word' id='word_1_319' title='bbox 2043 2760 2094 2796; x_wconf 89' lang='lat' dir='ltr'><strong>et</strong></span> <span class='ocrx_word' id='word_1_320' title='bbox 2149 2749 2288 2814; x_wconf 74' lang='grc' dir='ltr'><em>αἱροῖ</em></span> <span class='ocrx_word' id='word_1_321' title='bbox 2334 2769 2379 2800; x_wconf 91' lang='lat' dir='ltr'><strong>v.</strong></span> <span class='ocrx_word' id='word_1_322' title='bbox 2419 2756 2603 2805; x_wconf 87' lang='lat' dir='ltr'><strong>Techn.</strong></span> <span class='ocrx_word' id='word_1_323' title='bbox 2643 2762 2755 2808; x_wconf 87' lang='grc'><strong>135.</strong></span> 
     </span>
     <span class='ocr_line' id='line_1_29' title="bbox 246 2841 2754 2920; baseline 0.002 -21"><span class='ocrx_word' id='word_1_324' title='bbox 246 2862 423 2902; x_wconf 86' lang='lat' dir='ltr'><strong>tamen</strong></span> <span class='ocrx_word' id='word_1_325' title='bbox 473 2847 653 2896; x_wconf 86' lang='lat' dir='ltr'><strong>dubito</strong></span> <span class='ocrx_word' id='word_1_326' title='bbox 703 2860 777 2893; x_wconf 86' lang='lat' dir='ltr'><strong>an</strong></span> <span class='ocrx_word' id='word_1_327' title='bbox 822 2843 885 2890; x_wconf 92' lang='lat' dir='ltr'><strong>ab</strong></span> <span class='ocrx_word' id='word_1_328' title='bbox 937 2843 1044 2890; x_wconf 90' lang='lat' dir='ltr'><strong>illis</strong></span> <span class='ocrx_word' id='word_1_329' title='bbox 1097 2841 1437 2905; x_wconf 83' lang='lat' dir='ltr'><strong>significatum</strong></span> <span class='ocrx_word' id='word_1_330' title='bbox 1492 2857 1598 2890; x_wconf 90' lang='lat' dir='ltr'><strong>non</strong></span> <span class='ocrx_word' id='word_1_331' title='bbox 1653 2845 1734 2891; x_wconf 86' lang='lat' dir='ltr'><strong>sit.</strong></span> <span class='ocrx_word' id='word_1_332' title='bbox 1836 2845 1898 2893; x_wconf 88' lang='lat' dir='ltr'><strong>In</strong></span> <span class='ocrx_word' id='word_1_333' title='bbox 1943 2857 2156 2895; x_wconf 88' lang='lat' dir='ltr'><strong>accentu</strong></span> <span class='ocrx_word' id='word_1_334' title='bbox 2197 2850 2488 2915; x_wconf 86' lang='lat' dir='ltr'><strong>imperfecti</strong></span> <span class='ocrx_word' id='word_1_335' title='bbox 2527 2855 2754 2920; x_wconf 77' lang='grc' dir='ltr'><em>ἀναίρεο</em></span> 
     </span>
     <span class='ocr_line' id='line_1_30' title="bbox 246 2936 2757 3007; baseline -0.001 -10"><span class='ocrx_word' id='word_1_336' title='bbox 246 2944 445 2997; x_wconf 87' lang='lat' dir='ltr'><strong>Herod.</strong></span> <span class='ocrx_word' id='word_1_337' title='bbox 493 2943 610 2994; x_wconf 86' lang='lat' dir='ltr'><strong>VII.</strong></span> <span class='ocrx_word' id='word_1_338' title='bbox 663 2945 752 3001; x_wconf 87' lang='lat'><strong>16,</strong></span> <span class='ocrx_word' id='word_1_339' title='bbox 808 2943 850 2988; x_wconf 90' lang='lat'><strong>1.</strong></span> <span class='ocrx_word' id='word_1_340' title='bbox 898 2955 1052 3004; x_wconf 90' lang='lat' dir='ltr'><strong>quem</strong></span> <span class='ocrx_word' id='word_1_341' title='bbox 1090 2936 1373 2986; x_wconf 87' lang='lat' dir='ltr'><strong>Bredovius</strong></span> <span class='ocrx_word' id='word_1_342' title='bbox 1410 2939 1564 2986; x_wconf 83' lang='lat' dir='ltr'><strong>tacite</strong></span> <span class='ocrx_word' id='word_1_343' title='bbox 1599 2940 1655 2987; x_wconf 86' lang='lat' dir='ltr'><strong>in</strong></span> <span class='ocrx_word' id='word_1_344' title='bbox 1689 2941 2032 3005; x_wconf 85' lang='lat' dir='ltr'><strong>penultimam</strong></span> <span class='ocrx_word' id='word_1_345' title='bbox 2071 2948 2362 3007; x_wconf 88' lang='lat' dir='ltr'><strong>transtulit,</strong></span> <span class='ocrx_word' id='word_1_346' title='bbox 2414 2948 2536 2997; x_wconf 89' lang='lat' dir='ltr'><strong>libri</strong></span> <span class='ocrx_word' id='word_1_347' title='bbox 2573 2966 2757 3002; x_wconf 74' lang='lat' dir='ltr'><strong>omnes</strong></span> 
     </span>
     <span class='ocr_line' id='line_1_31' title="bbox 248 3033 2760 3100; baseline 0.001 -6"><span class='ocrx_word' id='word_1_348' title='bbox 248 3044 540 3094; x_wconf 88' lang='lat' dir='ltr'><strong>concinunt.</strong></span> <span class='ocrx_word' id='word_1_349' title='bbox 641 3038 787 3086; x_wconf 89' lang='lat' dir='ltr'><strong>Duos</strong></span> <span class='ocrx_word' id='word_1_350' title='bbox 834 3034 1112 3083; x_wconf 82' lang='lat' dir='ltr'><strong>verborum</strong></span> <span class='ocrx_word' id='word_1_351' title='bbox 1158 3033 1532 3096; x_wconf 86' lang='lat' dir='ltr'><strong>barytonorum</strong></span> <span class='ocrx_word' id='word_1_352' title='bbox 1578 3036 1917 3100; x_wconf 86' lang='lat' dir='ltr'><strong>imperativos</strong></span> <span class='ocrx_word' id='word_1_353' title='bbox 1956 3039 2249 3090; x_wconf 88' lang='lat' dir='ltr'><strong>homericos</strong></span> <span class='ocrx_word' id='word_1_354' title='bbox 2287 3042 2625 3096; x_wconf 85' lang='lat' dir='ltr'><strong>Grammatici</strong></span> <span class='ocrx_word' id='word_1_355' title='bbox 2663 3049 2760 3098; x_wconf 91' lang='lat' dir='ltr'><strong>du-</strong></span> 
     </span>
     <span class='ocr_line' id='line_1_32' title="bbox 242 3126 2758 3210; baseline -0.003 -21"><span class='ocrx_word' id='word_1_356' title='bbox 242 3141 369 3205; x_wconf 87' lang='lat' dir='ltr'><strong>plici</strong></span> <span class='ocrx_word' id='word_1_357' title='bbox 419 3136 578 3188; x_wconf 89' lang='lat' dir='ltr'><strong>modo</strong></span> <span class='ocrx_word' id='word_1_358' title='bbox 632 3133 939 3200; x_wconf 84' lang='lat' dir='ltr'><strong>expediunt:</strong></span> <span class='ocrx_word' id='word_1_359' title='bbox 1011 3128 1181 3185; x_wconf 85' lang='grc' dir='ltr'><em>λέλεξο</em></span> <span class='ocrx_word' id='word_1_360' title='bbox 1234 3126 1325 3179; x_wconf 81' lang='grc' dir='ltr'><strong>καὶ</strong></span> <span class='ocrx_word' id='word_1_361' title='bbox 1375 3128 1491 3179; x_wconf 79' lang='grc' dir='ltr'><em>κατ’</em></span> <span class='ocrx_word' id='word_1_362' title='bbox 1549 3129 1827 3196; x_wconf 78' lang='grc' dir='ltr'><em>ἀποβολὴν</em></span> <span class='ocrx_word' id='word_1_363' title='bbox 1863 3140 1961 3185; x_wconf 84' lang='grc' dir='ltr'><strong>τοῦ</strong></span> <span class='ocrx_word' id='word_1_364' title='bbox 1999 3135 2407 3203; x_wconf 85' lang='grc' dir='ltr'><em>διπλασιασμοῦ</em></span> <span class='ocrx_word' id='word_1_365' title='bbox 2441 3141 2693 3210; x_wconf 73' lang='grc' dir='ltr'><strong>λέξο-,ἧ</strong></span> <span class='ocrx_word' id='word_1_366' title='bbox 2727 3148 2758 3197; x_wconf 72' lang='lat'><strong>0&lt;</strong></span> 
     </span>
    </p>
   </div>
   <div class='ocr_carea' id='block_1_5' title="bbox 241 3223 2757 3303">
    <p class='ocr_par' dir='ltr' id='par_1_5' title="bbox 241 3223 2757 3303">
     <span class='ocr_line' id='line_1_33' title="bbox 241 3223 2757 3303; baseline -0 -16"><span class='ocrx_word' id='word_1_367' title='bbox 241 3234 452 3303; x_wconf 82' lang='grc' dir='ltr'><em>μέλλων</em></span> <span class='ocrx_word' id='word_1_368' title='bbox 487 3232 615 3292; x_wconf 83' lang='grc' dir='ltr'><em>λέξω</em></span> <span class='ocrx_word' id='word_1_369' title='bbox 650 3229 945 3302; x_wconf 81' lang='grc' dir='ltr'><em>μετάγεται</em></span> <span class='ocrx_word' id='word_1_370' title='bbox 981 3226 1053 3285; x_wconf 81' lang='grc' dir='ltr'><strong>εἷς</strong></span> <span class='ocrx_word' id='word_1_371' title='bbox 1089 3226 1381 3278; x_wconf 65' lang='grc' dir='ltr'><em>ἐνεστῶτα*</em></span> <span class='ocrx_word' id='word_1_372' title='bbox 1448 3223 1645 3277; x_wconf 80' lang='grc' dir='ltr'><em>τούτου</em></span> <span class='ocrx_word' id='word_1_373' title='bbox 1681 3224 1780 3279; x_wconf 80' lang='grc' dir='ltr'><strong>οὖν</strong></span> <span class='ocrx_word' id='word_1_374' title='bbox 1814 3228 1876 3279; x_wconf 77' lang='grc' dir='ltr'><strong>τὸ</strong></span> <span class='ocrx_word' id='word_1_375' title='bbox 1915 3232 2303 3299; x_wconf 82' lang='grc' dir='ltr'><em>προςτακτικόν</em></span> <span class='ocrx_word' id='word_1_376' title='bbox 2335 3235 2451 3286; x_wconf 78' lang='grc' dir='ltr'><em>ἐστι</em></span> <span class='ocrx_word' id='word_1_377' title='bbox 2470 3239 2627 3303; x_wconf 81' lang='grc' dir='ltr'><em>λέξεο,</em></span> <span class='ocrx_word' id='word_1_378' title='bbox 2663 3241 2757 3294; x_wconf 77' lang='grc' dir='ltr'><strong>καὶ</strong></span> 
     </span>
    </p>
   </div>
  </div>
 </body>
</html>
