2960 3740
1447 284 1509 350 11

231 430 301 478 de
331 429 395 479 D.
431 429 498 478 H.
536 433 649 479 286.
687 437 739 477 et
771 400 885 477 374.
920 427 1298 477 inconstantiae
1336 442 1527 477 osores.
1598 429 1664 477 Et
1699 428 1763 476 ab
1803 428 1897 491 hac
1923 429 2094 478 forma
2129 432 2442 497 imperfecti,
2480 451 2611 499 quae
2647 437 2728 485 in-

231 537 403 591 tegrae
448 524 624 575 ἐποίεε
669 526 908 589 proxima
944 533 1045 583 est,
1097 540 1191 588 per
1226 539 1489 589 syncopen
1525 527 1716 574 factum
1756 539 1869 572 csse
1905 523 2117 574 ποίεσκε
2150 541 2303 576 nemo
2340 539 2573 593 negaret,
2625 533 2729 581 nisi

227 626 363 693 hanc
411 623 698 677 rationem,
753 628 808 668 ut
859 629 1014 669 antea
1066 619 1203 679 dixi,
1257 620 1602 669 detractarent
1643 620 1803 669 verba
1848 622 1905 668 in
1941 609 2039 667 ἀ-ω.
2108 621 2315 673 Tertiae
2350 627 2726 690 conjugationis

228 720 523 784 exemplum
577 713 843 780 χρύσοσκε
893 717 1282 766 Choeroboscus
1333 718 1485 776 finxit
1535 719 1802 780 analogiae
1840 696 2045 781 aptum,
2099 718 2191 765 sed
2228 720 2291 767 ab
2328 737 2422 769 usu
2456 734 2725 773 remotum.

228 817 377 865 Haec
420 815 596 879 paullo
641 813 795 861 latius
841 814 1060 862 disserui
1097 815 1217 877 quia
1252 815 1438 862 artium
1475 817 1748 878 scriptores
1785 816 1930 861 varia
1965 809 2243 863 verborum
2281 833 2471 879 genera
2504 821 2639 867 inter
2674 836 2727 873 se

230 914 466 964 miscent.
537 908 680 967 Quae
707 917 904 957 restant
931 908 995 956 de
1015 909 1185 957 forma
1204 915 1372 958 activa
1392 909 1608 958 dicenda
1626 911 1802 974 paucis
1827 910 2190 969 absolventur;
2228 928 2385 962 unum
2407 915 2725 966 levissimum

230 1010 359 1056 ἴσαν
401 1006 535 1071 (sic)
581 1003 641 1052 td
679 1002 1000 1066 ἐπορεύοντο
1039 1002 1141 1050 οἷπό
1178 1008 1276 1051 τοῦ
1310 1002 1430 1067 ἵημι
1463 1003 1525 1052 τὸ
1562 1003 1751 1066 πέμπω
1790 1003 1944 1052 ἵεσαν
1980 1003 2109 1053 ποτε
2143 1005 2247 1066 μέν
2283 1008 2419 1055 κατά
2454 1009 2727 1074 συγκοπήν

229 1103 382 1160 ἴσαν,
436 1098 562 1151 ποτὲ
599 1098 661 1149 δέ
693 1097 829 1149 κατὰ
865 1103 1061 1163 κρᾶσιν
1096 1094 1224 1156 ἕσαν
1260 1099 1426 1162 Epim.
1464 1099 1502 1147 I.
1539 1104 1659 1158 217,
1714 1103 1793 1148 28.
1832 1115 1981 1162 quem
2019 1102 2273 1164 scriptura
2311 1104 2563 1154 mendosa
2598 1103 2725 1155 ἶσαν

225 1215 321 1263 pro
356 1193 496 1261 ἦσαν
514 1193 569 1261 ¹¹)
604 1198 659 1244 in
696 1211 919 1244 errorem
957 1195 1165 1243 duxisse
1200 1194 1428 1253 videtur3
1490 1195 1706 1243 alterum
1746 1212 1911 1259 aeque
1947 1196 2247 1246 festinatum
2289 1204 2411 1258 374,
2467 1204 2544 1249 21.
2582 1204 2726 1265 παρά

226 1294 288 1345 τὸ
342 1295 410 1344 ἕω
459 1292 520 1343 ‘cd
571 1290 793 1356 ὑπάρχω
847 1289 876 1339 ὁ
929 1287 1291 1354 παρατατικός
1335 1286 1463 1353 ἧον,
1515 1289 1575 1339 τὸ
1631 1289 1826 1340 δυϊκόν
1879 1289 2039 1353 η’έτην
2068 1290 2156 1341 καὶ
2192 1293 2251 1341 ἓν
2286 1301 2533 1362 συγκοπῇ
2566 1297 2726 1361 ἧτην·

230 1392 437 1441 tertium
492 1388 723 1452 ejusdem
779 1388 1000 1436 auctoris
1053 1389 1175 1444 123,
1230 1390 1307 1435 10.
1362 1396 1413 1434 et
1448 1387 1589 1435 Eust.
1627 1391 1749 1445 672,
1805 1392 1883 1435 37.
1921 1386 2154 1436 ἐδεδίειν
2190 1388 2507 1440 ἐδειδίεσαν
2542 1394 2636 1442 καὶ
2671 1396 2728 1443 ἓν

231 1491 466 1555 συγκοπῇ
516 1484 813 1535 ἐδείδισαν.
872 1481 1070 1530 ‘Verum
1123 1481 1378 1532 ἐδέδισαν
1415 1497 1521 1530 non
1559 1497 1623 1530 ex
1660 1481 1949 1530 ἐδεδίεσαν
1986 1484 2240 1533 concisum
2279 1496 2382 1545 est,
2439 1489 2579 1552 quod
2608 1491 2729 1551 jure

229 1599 258 1631 a
287 1580 581 1645 Phrynicho
620 1578 916 1644 exploditur
950 1578 1211 1641 mirorque
1246 1575 1537 1639 Thucydidi
1572 1575 1807 1625 relictum
1845 1592 1973 1637 esse,
2010 1577 2101 1626 sed
2138 1582 2578 1634 accommodatum
2609 1602 2728 1650 per·

226 1680 349 1729 fecti
398 1675 987 1733 &idea-inclinamentis
1025 1671 1276 1735 δέδιμεν,
1331 1671 1536 1730 δέδιτε,
1592 1688 1723 1735 quae
1760 1681 1815 1720 ut
1850 1688 2113 1737 nunquam
2151 1675 2303 1738 alpha
2338 1678 2561 1729 cliticum
2599 1684 2727 1730 reci·

226 1775 391 1838 piunt,
427 1773 503 1820 ita
538 1787 569 1821 a
603 1768 1110 1836 plusquamperfecto
1148 1767 1295 1817 abest
1329 1767 1546 1831 epsilon.
1617 1767 1897 1832 Aliquanto
1932 1771 2095 1834 magis
2131 1769 2195 1818 ad
2231 1786 2493 1837 syncopen
2528 1778 2728 1826 accedit

224 1870 516 1918 infinitivus
554 1864 823 1929 δειδίμεν,
861 1864 927 1912 ad
964 1878 1115 1928 quem
1155 1862 1402 1911 δεδιέναι
1436 1862 1653 1910 eandem
1691 1866 2079 1928 proportionem
2120 1865 2271 1914 habet
2309 1885 2460 1932 quam
2497 1871 2640 1921 ἰέναι
2659 1873 2725 1922 ad

231 1966 356 2029 ἴμεν
393 1964 503 2012 sive
541 1961 729 2025 ἴμεναι
764 1935 1119 2008 οῖ’τεθνάναι
1155 1958 1218 2007 ad
1254 1960 1538 2007 τεθνᾶναι.

367 2057 410 2121 ξ.
448 2061 523 2106 10.
595 2057 674 2106 Ad
717 2057 939 2105 formam
983 2055 1246 2118 passivam
1293 2052 1678 2103 transeuntibus
1723 2055 1945 2117 pri-mum
1984 2055 2039 2102 in
2075 2054 2247 2105 oculos
2282 2057 2494 2107 incurrit
2527 2061 2727 2111 indica-

227 2156 322 2202 tivi
375 2153 650 2201 verborum
703 2136 1146 2199 circumflexorum
1197 2164 1423 2212 persona
1477 2148 1722 2206 secunda,
1778 2166 1907 2212 quae
1960 2152 2016 2197 in
2061 2150 2314 2199 Herodoti
2350 2154 2496 2202 libris
2533 2128 2728 2222 duplici

226 2251 382 2298 modo
419 2249 683 2305 scribitur,
719 2248 1023 2310 plerumque
1059 2247 1257 2307 integre
1293 2236 1590 2301 ἐπαινέεαι,
1628 2245 1897 2308 διαιρέεαι
1931 2253 1982 2290 et
2017 2245 2255 2294 similiter
2289 2248 2341 2295 in
2379 2249 2557 2300 futuro
2596 2249 2731 2304 ἇπο-

226 2345 480 2402 θανέεαι,
536 2342 924 2407 λαμπρυνέεαι,
975 2341 1066 2388 sed
1103 2342 1287 2398 etiam,
1344 2340 1483 2404 quod
1519 2342 1688 2387 minus
1725 2341 1998 2403 probatur,
2046 2339 2288 2404 διαιρέαι
2323 2352 2376 2391 et
2411 2348 2731 2411 προθυμέαι

226 2456 273 2489 v.
312 2440 530 2490 Bredov.
583 2439 615 2486 Ι.
663 2453 702 2486 c.
758 2439 868 2485 315.
906 2444 958 2484 ct
992 2436 1220 2484 futurum
1257 2432 1737 2501 proparoxytonum
1778 2434 2011 2499 ἀμύνεαι
2045 2436 2232 2485 Euseb.
2271 2436 2415 2488 Stob.
2452 2441 2509 2491 Τ.
2547 2442 2729 2493 XLVI.

229 2539 306 2584 32.
358 2550 407 2599 p.
463 2537 576 2582 309.
631 2534 824 2598 (264.).
894 2532 1005 2581 Illis
1050 2539 1450 2580 consentaneum
1497 2539 1576 2580 est
1621 2530 1847 2578 πωλέεαι
1883 2540 2103 2595 quatuor
2138 2533 2368 2595 syllabas
2407 2538 2638 2590 efficiens
2673 2542 2730 2590 in

229 2632 437 2679 oraculo
490 2628 875 2693 ap.‘Porphyr.
929 2628 990 2676 V.
1047 2628 1187 2675 Plot.-
1230 2641 1277 2673 v.
1318 2629 1398 2674 48.
1445 2625 1536 2673 scd
1573 2626 1796 2673 fortasse
1831 2629 2058 2674 πωλεῖαι
2095 2628 2427 2680 scribendum
2467 2635 2727 2698 epicorum

227 2742 372 2775 more
432 2733 489 2773 ut
547 2725 795 2786 μυθεῖαι.
898 2723 1051 2787 Apud
1112 2721 1396 2770 Homerum
1466 2721 1637 2783 ipsum
1700 2719 1852 2770 πωλέ’
1920 2731 2041 2769 ante
2105 2725 2340 2774 vocalem
2395 2728 2584 2791 legitur
2632 2747 2727 2796 pro

229 2820 435 2874 ἓπαίλου
488 2821 742 2868 incertum
794 2825 860 2867 an
905 2834 1000 2884 pro
1038 2821 1211 2881 πωλῇ,
1264 2815 1624 2881 εεάΡΙεῐὶῳιο
1659 2831 1904 2881 praesens
1942 2832 2054 2864 esse
2090 2829 2305 2883 putant,
2363 2824 2500 2889 quod
2527 2824 2730 2891 Harlej,

228 2891 432 2968 πιόλεαι
492 2916 674 2965 scribit
724 2893 1038 2978 bisyllabum
1084 2914 1456 2979 pronunciatu3
1528 2911 1663 2977 quod
1716 2913 1759 2959 si
1811 2913 2188 2977 praeferimuS,
2263 2919 2450 2984 integri
2502 2922 2731 2974 πωλέεαι

282 3203 287 3208 .
368 3157 449 3223 11)
503 3159 632 3207 nano
664 3157 722 3204 ad
758 3157 814 3203 11.
850 3157 1029 3217 xxm.
1067 3160 1163 3206 sm.
1190 3159 1318 3204 affert
1343 3156 1599 3203 Eustathins
1626 3150 1739 3202 hm
1767 3154 1840 3201 διὰ
1869 3160 1950 3203 τοῦ
1974 3092 2062 3214 ἦὲῆ
2089 3155 2208 3213 ἴσαν,
2260 3161 2334 3206 διὰ
2364 3166 2447 3209 τοῦ
2481 3153 2513 3209 ἶ
2546 3164 2570 3211 ὅ
2613 3173 2735 3215 ἐστιν

226 3220 549 3290 enuptio-nom.
588 3226 846 3274 -Verborum
887 3231 999 3274 ἱέναι
1038 3232 1084 3275 et
1125 3232 1237 3275 ἱέναι
1264 3228 1415 3275 crebra
1443 3230 1514 3273 est
1542 3226 1738 3272 confusio
1765 3229 1951 3274 maxime
1979 3210 2152 3275 mediae
2179 3231 2342 3277 formae
2370 3245 2417 3278 v.
2444 3234 2609 3282 Techn.
2639 3240 2733 3283 1⁹¹.

222 3297 722 3349 Jacobndrhilostr..
734 3298 832 3346 32³.
1028 3299 1030 3301 ’

2180 3415 2188 3424 .
2262 3375 2317 3419 ξ’
