2960 3740
1466 214 1541 278 10

240 348 524 409 memoriae
569 357 802 423 prodidit
847 376 941 424 pro
987 356 1150 409 τόνδε
1197 356 1249 405 δ’
1296 357 1485 408 ἔασκεν
1521 358 1694 406 nescio
1732 371 1907 421 quem·
1920 352 2254 423 proposuisse
2288 360 2387 410 τᾶν
2424 360 2484 410 δὲ
2521 363 2748 415 δέασκεν

237 454 411 522 ἤγουν
452 452 783 521 ἐδέσμευεν,
839 463 947 505 tum
999 455 1167 504 facilis
1213 461 1289 502 est
1332 454 1580 503 correctio
1619 451 1866 510 δέεσκεν,
1918 460 2027 502 tum
2064 454 2281 506 verbum
2317 457 2513 520 ligandi
2549 460 2614 507 ab
2648 461 2755 511 hoc'

238 552 352 599 loco
391 542 520 600 adeo
559 552 806 610 alienum,
835 544 901 599 ⁸ut
936 551 1162 616 suspicer
1197 558 1534 598 correctorem
1568 549 1713 597 illum
1752 547 2018 612 scripsisse
2053 548 2218 601 τόνδε
2255 551 2307 601 δ’
2346 552 2560 604 εἴασκεν
2597 554 2748 621 diph-

237 648 432 712 thongo
489 658 739 713 correpta.
812 647 1007 697 Eadem
1059 645 1251 695 vocalis
1304 640 1545 710 sequitur*
1589 642 1964 710 diphthongos:
2031 644 2276 698 κλαίεσκε
2311 644 2466 699 Hom.
2501 649 2745 718 ψἀύεσκε

178 719 183 729 ⁸
236 744 409 793 Nonn.
432 734 670 794 ’δεύεσκε
707 745 863 792 Hom.
892 751 1101 809 'praeter
1138 741 1514 801 ἅνασσείασκε,
1554 741 1691 807 quod
1723 743 1782 788 iu
1817 740 1885 789 H.
1922 740 1990 790 H.
2025 742 2081 789 in
2119 743 2219 808 Ap.
2248 748 2421 795 403.-e
2447 745 2741 816 cod.'Mosq.

238 851 526 890 assumtum
583 851 683 899 est,
739 857 832 905 pro
872 832 1153 897 σείσασκε,
1209 840 1298 886 sed
1334 841 1388 886 in
1425 840 1538 886 loco
1576 835 1820 886 lacunoso
1856 839 1948 886 vix
1984 837 2085 886 dici
2119 836 2500 903 potest'u'trum
2536 852 2740 911 tempus

236 940 403 1000 magis
441 938 742 995 conveniat3
796 936 952 983 verba
986 943 1157 982 autem
1195 936 1251 983 in
1288 953 1379 982 ειω
1418 933 1521 981 duo
1558 933 1712 981 modo
1749 938 1886 991 sunt,
1924 932 2051 983 σείω
2083 941 2140 981 et
2175 935 2332 985 κλείω
2370 939 2617 999 clauda,
2644 938 2738 989 *cu-

229 1033 317 1093 jus
348 1033 710 1095 imperfectum
744 1022 1082 1090 non'legitur.
1154 1030 1337 1077 Verbis
1374 1029 1661 1089 barytonis,
1704 1041 1921 1090 quorum
1958 1029 2113 1092 stirps
2146 1044 2377 1079 consona
2399 1031 2737 1094 concluditur,

237 1129 442 1192 epsilon
497 1127 705 1176 additur
755 1125 978 1188 simplex
1011 1126 1283 1188 μέλλεσκε,
1337 1123 1593 1206 λάβεσκε,
1649 1122 1955 1190 γενέσκετο,
2008 1127 2353 1222 Συναγεσκεο
2391 1128 2736 1198 συναγωγισν

236 1223 371 1272 εθου
409 1222 535 1271 Hes.
573 1232 623 1269 et
657 1236 1048 1284 nonnumquam
1085 1223 1259 1285 alpha;
1330 1235 1438 1268 non
1475 1203 1640 1267 solnm
1677 1221 1731 1266 in
1769 1220 1963 1266 aoristo
1999 1220 2184 1284 primo,
2207 1218 2365 1283 cujus
2401 1223 2513 1272 illa
2527 1226 2739 1291 propria

236 1329 315 1367 est
349 1320 543 1367 vocalis
578 1327 627 1365 et
661 1318 952 1381 peculiaris,
992 1317 1080 1366 sed
1116 1318 1270 1364 etiam
1307 1312 1363 1363 in
1399 1314 1722 1378 imperfecto,
1761 1317 1840 1363 cui
1877 1314 2008 1362 adeo
2033 1314 2151 1363 non
2186 1319 2430 1366 convenit
2464 1328 2522 1367 ut
2552 1319 2736 1371 Gram-

232 1419 436 1465 maticis
483 1432 545 1462 cx
592 1415 864 1461 affectione
902 1422 1024 1460 nata
1058 1414 1316 1460 videatur:
1388 1409 1449 1458 τὸ
1488 1410 1745 1475 ῥίπτασκε
1780 1408 1871 1459 καὶ
1905 1408 1967 1458 τὸ
2005 1412 2187 1474 ἔχεσκε
2223 1411 2553 1463 οὐκ·ἰωνικά
2586 1416 2734 1466 ἐστιν

234 1510 363 1559 ἀλλά
418 1507 696 1573 ποιητικοί·
771 1507 831 1557 τὸ
888 1507 947 1556 δὲ
1000 1507 1255 1571 ῥίπτασκε
1307 1500 1740 1569 ἀμφιβάλλεται·
1816 1487 1907 1555 καὶ
1948 1507 2157 1569 μήποτε
2192 1508 2296 1556 α’πό
2325 1514 2423 1557 τοῦ
2459 1511 2740 1576 pandeam-

229 1606 398 1670 Epim.
436 1606 475 1653 Ι.
511 1593 625 1653 385.
665 1602 726 1653 τὸ
768 1604 1028 1669 ῥίπτασκε
1064 1602 1205 1658 τινὲς
1238 1603 1339 1666 μέν
1366 1621 1539 1667 φασιν
1577 1601 1679 1651 α’πό
1716 1606 1814 1651 τοῦ
1850 1601 2138 1658 ἐνεστῶτος
2174 1603 2448 1669 ῥιπτάσκω
2486 1606 2656 1658 εἶναι·
2699 1611 2733 1673 ἦ

230 1706 469 1768 συγκοπῇ
508 1702 700 1763 ἰωνικῇ
738 1699 1091 1764 ῥιπτάζεσκον
1129 1701 1420 1762 ῥίπτασκεν
1459 1700 1572 1747 ΕΜ.
1612 1701 1732 1755 704,
1771 1701 1848 1744 55.
1912 1697 2190 1748 Geminum
2226 1700 2731 1768 κρύπτασκε,·ι]ιιο(1

226 1799 437 1845 tacitum
476 1805 827 1861 praetereunt,
867 1797 1208 1844 difficiliorem
1248 1796 1404 1843 etiam
1444 1811 1597 1858 quam
1635 1792 1763 1841 illud
1798 1792 1956 1841 habet
1991 1796 2327 1859 explicatum3
2364 1796 2483 1846 nam
2522 1799 2730 1864 ῥιπτάω

226 1909 333 1941 non
375 1893 645 1941 invenitur
690 1892 900 1955 quidem
948 1892 1037 1939 sed
1083 1892 1271 1938 usitato
1319 1884 1516 1955 ῥιπτε’ω
1551 1892 1625 1939 ita
1660 1890 1830 1938 simile
1865 1899 1945 1937 est
1979 1898 2036 1937 ut
2071 1892 2352 1955 aliquando
2388 1894 2730 1942 scribentibus

226 2004 493 2052 surrepere
528 1989 777 2051 potuerit,
813 1986 1026 2050 κρύπτω
1064 1995 1234 2034 autem
1273 2002 1538 2050 nunquam
1576 1987 1631 2034 in
1668 1978 2084 2047 conjugationem
2112 1988 2731 2037 circumflexam‘transiit.

224 2084 288 2131 ln
322 2084 704 2147 perispomenis
743 2083 940 2145 primae
976 2082 1151 2129 classis
1189 2083 1236 2129 ei
1273 2096 1533 2129 consonae
1572 2095 1702 2144 quae
1738 2081 1914 2144 stirpis
1952 2089 2032 2127 est
2068 2088 2323 2141 extrema,
2357 2083 2729 2148 ··epsilon·sub-

218 2179 455 2241 jungitur
491 2178 649 2225 modo
687 2178 910 2242 simplex
946 2175 1244 2241 φίλ-εσκε,
1293 2177 1448 2226 modo
1476 2178 1725 2224 iteratum
1765 2175 2083 2241 φιλ-εέσκε.
2152 2178 2415 2237 Ροίζασκε
2446 2180 2503 2227 in
2536 2179 2729 2243 Theog.

227 2277 340 2321 835.
379 2282 466 2320 aut
500 2275 555 2321 in
593 2255 837 2337 ῥοίζεσκε
872 2271 1203 2331 mutandum,
1257 2273 1396 2336 quod
1430 2271 1780 2334 Goettlingius
1817 2286 1844 2319 e
1879 2270 2026 2320 codd.
2063 2272 2260 2336 aliquot
2292 2275 2500 2339 recepit,
2539 2284 2629 2324 aut
2663 2275 2729 2325 ad

222 2369 575 2432 heterozygon
630 2366 834 2432 ῥοιζοῖω
882 2367 1210 2416 referendum
1262 2377 1352 2416 est.
1422 2367 1490 2415 Et
1524 2367 1578 2414 in
1617 2366 1842 2415 secunda
1876 2368 2072 2430 pariter
2107 2383 2240 2416 nunc
2269 2353 2335 2425 ἶ,
2369 2384 2520 2417 nunc
2553 2359 2628 2417 ἶᾶ
2657 2374 2729 2418 'ex

220 2455 501 2530 praecepto
538 2465 706 2529 Epim.
744 2464 784 2512 1.
822 2465 933 2520 309,
969 2466 1048 2511 25.
1102 2461 1169 2512 τοὶ
1221 2467 1312 2527 τῆς
1359 2460 1613 2526 δευτέρας
1668 2460 1927 2528 συζυγίας
1959 2459 2155 2525 ’μόνον
2205 2451 2370 2512 tri-E*
2403 2463 2590 2526 ἔχουσι
2623 2467 2726 2530 πρὸ

219 2564 320 2609 τοῦ
368 2578 432 2608 σκ
475 2557 743 2622 βοάασκε,
798 2557 1029 2624 γέλασκε.
1103 2557 1197 2608 Cui
1243 2559 1502 2609 contraria
1538 2558 1878 2616 ναιετᾶεσκε,
1934 2555 2293 2624 α’μφαφοὶεσκε
2328 2576 2464 2609 nuuc
2498 2562 2727 2626 undique
2806 2618 2808 2621 ¹

218 2657 521 2719 exstirpata„
544 2663 663 2702 sunt
701 2670 747 2701 v.
785 2651 849 2699 ad
886 2653 999 2701 Phr.
1037 2657 1149 2702 583.
1221 2655 1301 2702 De
1338 2653 1663 2718 brevioribus
1701 2652 2007 2702 Schaeferus
2043 2654 2110 2703 ad
2146 2653 2315 2702 Schol.
2353 2654 2523 2719 Apoll.
2542 2672 2592 2721 p.
2613 2660 2725 2706 876.

216 2752 291 2798 ita
337 2751 572 2815 loquitur
608 2765 665 2797 ac
700 2749 743 2796 si
781 2757 1036 2797 contracta
1074 2758 1242 2814 putet,
1297 2750 1386 2798 sed
1427 2751 1767 2798 contractioni
1805 2740 2057 2813 repugnat
2092 2749 2321 2799 brevitas
2355 2750 2727 2818 literacffalpha

217 2855 269 2894 et
318 2844 837 2912 proparoxytonesis.
906 2843 1081 2910 Neque
1133 2861 1309 2895 rursus
1361 2846 1678 2896 contrarium
1734 2844 1981 2894 affirmari
2032 2846 2154 2910 licet
2185 2843 2408 2896 ἐλάασκε
2444 2856 2496 2896 et
2531 2850 2726 2902 similia

217 2953 283 2993 ex
319 2943 505 2994 ἔλασκε
537 2951 663 2992 nata
699 2956 810 2990 esse
847 2939 1025 2990 eadem
1063 2942 1276 2992 diectasi
1315 2957 1415 3007 qua
1451 2940 1578 3006 ἐλαίᾳ
1614 2930 1710 3006 pro
1747 2940 1853 3005 ἐλᾷ,
1890 2934 2254 3018 nam'tert‘iam
2290 2942 2584 3008 imperfecti
2604 2939 2725 3009 ‘per-

218 3055 397 3089 sonam
436 3040 525 3088 ἔλα
563 3037 727 3103 (ἦλα)
763 3037 819 3084 in
854 3034 980 3084 aazia
1017 3037 1232 3088 dissolvi
1270 3054 1375 3087 non
1410 3039 1680 3103 patiuntur
1715 3037 1943 3086 rationes
1976 3039 2033 3088 in
2069 3017 2401 3088 Techn.18⁴l.
2434 3039 2722 3105 expositae.

216 3136 316 3186 His
344 3136 657 3186 Herodotus
709 3149 820 3183 non
874 3134 1033 3182 utitur
1070 3131 1179 3201 ὥρα
1214 3135 1444 3184 scribens
1481 3143 1533 3184 et
1567 3134 1814 3194 ἐκτᾶτο,
1821 3127 1929 3193 illa
1958 3121 2316 3196 inconstanter
2352 3136 2499 3197 effert
2520 3134 2722 3201 ἤχεσκο

221 3240 271 3281 et
320 3232 558 3283 ποιέεσκε
612 3231 754 3297 quod
807 3231 955 3281 unice
1000 3231 1223 3295 probant
1258 3216 1560 3281 Dindorlius
1605 3231 1671 3279 de
1706 3230 1864 3280 Dial.
1875 3225 2077 3281 Herod.
2110 3212 2302 3282 XXIV.
2348 3238 2418 3279 et
2435 3230 2721 3284 Bredovius
