2960 3740
1450 255 1491 313 4

213 402 282 456 αἱς
338 399 666 466 ἀμφηρεφέα
721 398 924 463 ὁμοίως
977 402 1049 460 τῷ
1103 397 1258 447 ἀκλέα
1313 398 1536 463 ἀνδρῶν
1592 396 1833 463 (Ἄργος)
1888 396 2043 446 ἀκλέα
2090 397 2145 446 ἐκ
2180 399 2449 467 μεγάρων.
2520 399 2722 449 Horum

213 499 636 546 enuntiationum
676 496 809 543 duae
845 496 1100 558 primores
1136 497 1271 542 inter
1307 509 1361 540 se
1396 501 1656 556 pugnant;
1721 510 1841 542 nam
1880 496 1924 541 si
1961 492 2183 547 δυςκλέα
2220 512 2251 544 a
2288 493 2534 550 δυςκλεύς
2571 496 2725 544 decli-

210 603 393 641 natum
450 602 528 640 est
570 602 629 639 ut
659 591 844 655 ’Λτρέα
881 590 944 638 ab
977 588 1209 655 Ἀτρεύς,
1261 589 1404 636 nulla
1440 603 1551 634 esse
1587 597 1762 650 potest
1797 590 1993 653 ellipsis
2029 591 2125 636 τοῦ
2152 574 2200 635 ἶ.
2273 590 2443 649 Quare
2478 592 2602 640 haec
2637 601 2725 640 aut

214 690 438 738 diversis
493 689 810 751 assignanda
864 695 985 735 sunt
1032 685 1322 735 auctoribus
1358 693 1446 732 aut
1479 685 1654 746 potius
1693 684 1941 748 δυςκλεής
1976 682 2329 745 scribendum;
2399 704 2518 737 nam
2556 704 2723 751 neque
2796 688 2802 695 '

214 780 467 839 δυςκλεύς
513 786 774 848 cognitum
821 782 1071 831 habemus
1106 797 1272 844 neque
1305 778 1444 827 aliud
1478 778 1576 826 hoc
1611 779 1768 827 modo
1807 782 2183 829 conformatum
2218 789 2425 843 praeter
2458 785 2723 848 proprium

215 878 593 944 Πατροκλεύς,
648 878 788 942 quod
841 879 1104 927 Bekkerus
1156 878 1210 922 in
1263 875 1407 922 Pliot.
1446 872 1572 921 Cod.
1617 873 1822 946 CLVII.
1862 879 1972 924 115.
2010 890 2054 922 a.
2089 879 2136 921 4.
2169 890 2197 920 e
2233 876 2380 923 codd.
2415 879 2723 942 quibusdam

218 975 420 1027 ascivit.
491 973 553 1021 In
591 972 928 1035 sequentibus
963 987 1058 1035 pro
1097 968 1347 1036 ἀγακλέα,
1386 982 1486 1032 quo
1522 968 1787 1019 Homerus
1824 983 2088 1033 nunquam
2127 970 2310 1028 utitur,
2349 970 2507 1021 ἀκλέα
2541 975 2724 1037 reponi

220 1079 443 1135 oportet.
516 1067 668 1136 Quod
713 1069 896 1115 ultimo
937 1068 1050 1114 loco
1099 1066 1371 1129 apponitur
1416 1065 1712 1128 exemplum
1765 1063 2087 1129 ἀμφηρεφέα
2124 1080 2188 1113 ex
2221 1065 2457 1115 uberiore
2494 1069 2726 1132 disputa-

219 1168 366 1216 tione
401 1172 702 1228 excerptum
740 1161 972 1222 videtur,
1026 1161 1167 1224 cujus
1203 1160 1296 1207 hoc
1332 1167 1467 1206 esset
1503 1168 1860 1224 argumentum
1899 1160 2220 1208 accusativos
2257 1158 2632 1223 adjectivorum
2670 1165 2725 1212 in

217 1248 284 1325 ἧῖ
334 1262 663 1318 exeuntium,
718 1273 936 1322 quorum
990 1270 1175 1319 magna
1218 1255 1352 1319 apud
1386 1255 1679 1303 Homerum
1717 1257 1882 1320 copia,
1936 1257 2091 1321 alpha
2125 1264 2305 1303 natura
2345 1257 2500 1305 breve
2535 1260 2727 1308 habere

223 1354 458 1420 ἀπηνεά,
497 1352 727 1414 ἰοειδέα,
764 1350 1057 1418 νηκερδέα,
1093 1349 1371 1415 πολυηχέα,
1409 1350 1771 1412 πολυπενθέα,
1811 1348 2103 1416 ἀριπρεπέ’,
2140 1341 2402 1417 νεοαρδέ’,
2437 1369 2495 1402 ac
2529 1356 2571 1404 si
2609 1372 2725 1421 pro-

221 1454 437 1502 ducatur
471 1454 528 1499 in
566 1451 907 1516 ἀμφηρεφέα,
946 1448 1190 1512 ἀρτεμέα,
1227 1446 1539 1512 εύστρεφέα,
1579 1448 1878 1515 δυςηλεγεά,
1914 1447 1969 1495 id
2007 1448 2109 1496 arsi
2140 1449 2372 1497 effectum
2396 1464 2532 1510 esse3
2569 1452 2725 1516 idque

222 1550 497 1599 confirmat
551 1548 707 1594 etiam
762 1545 875 1593 sch.
931 1544 1018 1605 ad,
1049 1544 1105 1591 Il.
1148 1542 1257 1592 XV.
1292 1546 1407 1597 463,
1444 1543 1729 1613 εὐτρεφεά’
1800 1542 1895 1593 οὐκ
1934 1535 2237 1609 ἀναγέαῖον
2274 1543 2532 1593 ἐκτείνειν
2568 1545 2627 1594 ‘co‘
2653 1537 2724 1593 ὀἷ’

222 1639 422 1707 ὅμοιον
477 1639 578 1709 γάρ
629 1644 701 1700 τῷ
756 1638 1184 1704 ἀμφηρεφέαιτε
1232 1636 1502 1702 φαρέτρην
1557 1646 1608 1686 et
1662 1639 1727 1687 ad
1778 1639 1892 1689 XII.
1947 1635 2060 1686 281'.
2116 1637 2273 1689 ἷακὸν
2321 1639 2384 1689 τό
2421 1641 2725 1692 συστέλλειν

223 1742 468 1793 εὐκλεΐας
501 1732 593 1787 καὶ
631 1734 880 1794 δυςκλεά,
940 1750 1071 1798 quae
1107 1733 1527 1782 adnotatiuncula
1563 1749 1625 1782 eo
1662 1743 1856 1799 spectat
1890 1751 1955 1783 ne
1991 1735 2105 1799 quis
2142 1732 2381 1791 εὐκλειᾶς
2417 1746 2468 1786 et
2501 1736 2726 1794 δυςκλεᾶ

220 1836 418 1893 scribat
469 1849 615 1881 more
669 1833 842 1879 attico.
911 1830 1110 1878 Novam
1164 1831 1299 1877 viam
1351 1830 1614 1892 ingressus
1665 1829 1876 1878 Vossius
1928 1829 1995 1877 ad
2030 1829 2100 1877 H.
2137 1831 2193 1878 in
2230 1829 2341 1881 Cer.
2376 1835 2489 1880 495.
2526 1834 2724 1884 hiatum

220 1935 443 1981 elisione
479 1932 623 1978 levat
660 1926 825 1977 ἀκλεέ’
863 1927 1093 1974 scribens
1130 1935 1180 1972 et
1216 1925 1460 1984 δυςκλεέ’,
1505 1926 1597 1974 sed
1632 1928 1799 1974 hiatus
1835 1935 1942 1974 non
1979 1926 2220 1985 offendit,
2257 1928 2518 1978 Homerus
2554 1943 2725 1981 autem

220 2027 444 2094 εὐφυέες
482 2024 693 2090 quidem
733 2023 860 2070 dicit
897 2030 947 2068 et
979 2019 1182 2085 εὐφυέα
1219 2021 1307 2069 sed
1340 2038 1595 2086 nusquam
1635 2020 1848 2079 ἀκλεεές,
1889 2019 2103 2075 ἀκλεεάς
2122 2031 2213 2069 etc.
2285 2023 2603 2075 Accusativis
2621 2029 2726 2076 illis

216 2125 466 2194 nonnulli
495 2122 697 2170 addunt
732 2121 1118 2167 nominativum
1151 2107 1460 2181 pluralitatis
1496 2122 1556 2168 Il.
1592 2119 1810 2172 V1.101.
1846 2116 2042 2181 ἥμενοι
2066 2118 2298 2183 ἀκήριοι,
2336 2121 2511 2177 ἀκλεές
2539 2126 2726 2180 αὔτως.

219 2224 353 2284 Nam
391 2222 489 2268 hoc
527 2215 727 2274 ἀκλεές,
766 2214 906 2279 quod
943 2223 1240 2263 nostrorum
1275 2215 1509 2280 plerique
1544 2215 1921 2280 proaadverbio
1959 2214 2180 2280 habent,
2216 2197 2524 2280 Apollonius
2553 2225 2729 2271 ‘n'omi-

219 2320 462 2367 nativum
499 2330 610 2362 esse
647 2314 829 2360 statuit
863 2327 930 2360 ex
967 2306 1171 2363 ἀκλεεῖς
1207 2327 1509 2360 conversum
1546 2320 1603 2358 ut
1639 2310 1877 2372 ἐπιτηδὲς
1913 2321 1965 2359 et
2001 2317 2320 2374 παλιμπετές
2338 2314 2375 2376 ¹)
2411 2315 2537 2364 haec
2556 2328 2726 2366 autem

222 2407 739 2463 omniaanonuullis
760 2407 966 2471 gravari
987 2404 1166 2462 ἄκλεες
1185 2413 1274 2455 etc.
1297 2405 1360 2456 ob
1390 2422 1503 2456 eam
1542 2421 1744 2455 causam
1781 2406 1904 2471 quia
1939 2407 2236 2457 terminatio
2274 2408 2492 2458 casualis
2526 2395 2584 2464 ἓξ
2612 2426 2730 2460 acu-

221 2516 336 2557 tum
388 2512 612 2570 respuat.
683 2502 833 2562 Quod
888 2518 1045 2568 quum
1098 2502 1328 2551 Joannes
1380 2518 1587 2568 quoque
1639 2517 1686 2567 p.
1742 2505 1818 2552 13.
1872 2504 2157 2567 praecipiat
2208 2503 2299 2552 sed
2352 2519 2464 2552 cum
2519 2506 2730 2575 circum-

224 2603 511 2669 scriptione
563 2596 726 2663 χωρὶς
781 2598 826 2648 εἰ
876 2597 948 2663 μὴ
988 2598 1044 2648 ἐκ
1080 2595 1295 2654 πάθους
1332 2594 1440 2647 εἶεν
1476 2595 1572 2645 διοὶ
1609 2595 1669 2645 τὸ
1705 2596 1997 2661 βιοπλανές
2031 2595 2122 2648 καὶ
2157 2597 2427 2664 ἐπιτηδές,
2473 2598 2732 2651 Herodia-

223 2717 374 2750 num·
405 2713 636 2764 quoque,
668 2696 951 2760 colligimus
1007 2693 1186 2750 ἀκλεές
1235 2710 1328 2761 pro
1379 2696 1549 2760 primo
1604 2708 1721 2741 casu
1761 2694 2005 2743 habuisse
2042 2696 2133 2743 sed
2169 2703 2437 2746 accentum
2475 2710 2643 2762 neque
2677 2700 2732 2746 in

226 2794 696 2862 antepenultimam
732 2792 1069 2860 transtulisse,
1092 2808 1264 2857 neque
1300 2792 1457 2842 etiam
1497 2788 1672 2846 ἀκλέες
1707 2791 1990 2856 scripsisse,
2035 2790 2175 2855 quod
2211 2791 2506 2843 faciendum
2544 2802 2655 2845 erat
2690 2795 2734 2845 si

226 2893 525 2946 admisisset
574 2906 856 2956 syncopen.
907 2889 1209 2941 Eustathius
1227 2888 1266 2956 ²)
1318 2903 1442 2938 vero
1496 2886 1726 2946 diversos
1764 2894 1999 2938 auctores
2035 2902 2256 2955 sequens
2294 2895 2345 2937 et
2376 2888 2510 2940 hane
2547 2890 2736 2957 probat

230 3001 281 3041 et
330 3007 439 3043 non
490 2990 664 3054 rejicit
717 2988 987 3038 exaeresin
1038 2989 1223 3038 literae
1268 2987 1391 3036 iota.
1432 3035 1435 3041 ,
1497 2982 1601 3036 Nos
1638 2987 1724 3052 qui
1763 2984 2009 3050 ἓπιτηδές
2046 2994 2096 3036 et
2133 2989 2464 3051 παλιμπετές
2488 2986 2736 3038 adverbia

370 3222 422 3282 1]
471 3222 662 3292 Ἐρίηρες
689 3221 747 3266 ad
775 3221 889 3265 hunc
917 3232 1134 3265 numemm
1162 3234 1249 3266 non
1276 3219 1532 3265 adscribunt
1559 3218 1638 3263 sed
1667 3220 1951 3279 metaplasmo
1982 3225 2195 3265 excusant
2223 3234 2264 3265 v.
2296 3220 2453 3265 Parall.
2485 3223 2579 3266 180.

368 3290 421 3348 2)
476 3293 622 3350 Hujus
650 3295 697 3338 et
724 3290 949 3351 Apollonii
976 3289 1114 3350 locos,
1143 3302 1252 3349 quos
1281 3289 1422 3351 omisi,
1451 3287 1614 3335 indicat
1640 3289 1855 3336 Lem-sins
1882 3289 2064 3347 Quaest.
2092 3290 2219 3337 Hom.
2250 3291 2346 3337 189.
2377 3286 2445 3349 sqL
2511 3325 2513 3328 .
